2548 3464
214 212 233 243 4
1212 203 1361 237 Clemens
1380 203 1440 236 XII
1462 203 1501 242 (I)

214 334 362 370 pontificias
380 332 482 361 delatus
500 339 539 360 est
558 331 608 364 (Ex
625 331 714 358 diariis
731 331 829 366 Ignatii
847 330 922 357 Reali
939 332 970 357 in
987 332 1045 366 ipso
1063 329 1182 356 conclavi
1200 338 1328 356 caeremo-

214 372 318 397 niarum
334 371 458 404 magistri,
475 367 556 395 Arch.
573 368 649 395 Caer.
668 368 716 394 591
736 377 762 402 p.
781 366 918 397 537-590).

288 405 414 437 Card.¹⁶¹‚
431 407 479 440 qui
494 404 676 439 interfuerunt
690 402 809 430 conclavi
827 404 860 429 12
875 402 927 428 Iul.
947 402 1024 433 1730,
1042 401 1154 437 {uemnt
1169 406 1322 436 sequentes:

214 441 281 478 ep.‘:
302 440 473 477 Pignatellus,
491 440 657 471 Barberinus,
675 440 905 474 BoncompagnuS,
923 437 1104 469 Otthobonus,
1121 437 1257 468 Corsinus,
1275 437 1328 463 Ru-

213 478 266 509 fus;
286 477 360 512 pbr²2
386 475 540 512 Imperialis‚
562 474 685 502 Albanus
706 474 746 507 (z
769 475 796 501 S.
818 472 986 505 Clementis),
1009 473 1087 500 Picus
1108 471 1142 500 de
1162 471 1327 503 Mirandula,

213 513 247 541 de
264 514 323 545 Via,
342 511 532 543 Zondadarius,
552 509 723 542 Corradinus,
743 508 776 537 de
795 509 892 536 Rohan
910 508 944 536 de
963 508 1083 540 Soubise,
1103 507 1136 535 de
1156 507 1275 542 Urighis‚
1295 505 1328 533 de

213 548 347 584 Polignac,
373 547 555 576 Odescalchus
581 546 681 578 Herba,
706 545 809 573 Thiard
834 544 867 573 de
893 546 950 572 Biss
969 566 975 576 ,
1002 543 1178 575 Caracciolus,
1205 544 1223 570 S
1244 542 1327 574 inula,

215 586 394 615 Borromaeus,
415 583 574 614 Alberonus,
595 581 709 618 Spinula
731 582 771 614 (Ξ
794 582 821 608 S.
842 555 973 616 Agnetisg,
996 579 1159 611 Bentivolus,
1181 578 1228 606 Bel
1239 589 1291 614 uga
1311 588 1327 613 y

214 619 357 652 Moneada,
380 619 413 647 de
434 618 545 650 Althan,
569 617 742 653 Cienfuegos,
764 616 799 645 de
819 616 926 644 Alteriis
950 616 991 649 (z
1016 616 1043 643 S.
1066 614 1219 647 Matthaei),
1242 615 1327 645 Petra,

214 655 391 687 Marefuscus,
412 655 514 686 Coscia,
535 654 675 688 Quirinus,
696 654 839 685 Lercarius,
860 651 894 680 de
913 652 1097 683 Lambertinis,
1119 651 1194 686 Finy,
1214 649 1249 678 de
1268 649 1327 677 Kol-

213 691 335 723 lonitsch,
363 690 397 718 de
424 689 592 721 Sinzendorf,
619 690 702 722 Gotti,
729 690 829 721 Porzia,
856 687 962 720 Carafa,
989 687 1214 718 Accorambonus‚
1242 686 1327 722 Cybo‚

214 728 268 755 Bur
286 727 383 759 hesius,
410 726 548 758 Ferrerius,
575 725 715 757 Salviatus;
741 724 833 752 diac.‘:
863 724 989 756 Alterius,
1015 722 1159 755 Columna,
1185 722 1327 754 Oliverius,

214 762 247 790 de
263 738 384 794 1513111115,
400 762 530 794 Albanus,
548 761 723 793 Falconen'us,
740 760 840 793 Iudice,
857 759 1029 791 Bancherius,
1046 758 1183 787 Collicola.
1201 757 1327 789 Cardfss,

214 801 261 834 qui
281 809 337 826 non
355 798 537 833 interfuerunt
557 797 683 828 conclavi,
705 797 817 832 fuerunt
837 802 989 831 sequentes:
1017 796 1151 827 Cusanus,
1172 794 1206 822 da
1228 793 1328 822 Cunha

216 845 230 861 e
249 833 354 865 Ataide,
375 833 408 861 de
429 832 647 864 Schrattenbach,
669 832 768 867 Csaky,
791 833 867 867 Borja
888 842 904 866 y
925 830 1061 858 Centellas
1082 831 1171 857 Ponce
1191 829 1224 857 de
1245 830 1327 861 Leon,

214 870 301 897 Potier
318 868 352 897 de
369 869 488 901 Gesvres,
507 868 540 896 de
557 868 658 895 Alsatia
676 867 710 895 de
727 868 838 899 Boussu,
857 868 960 894 Pereira
978 866 1012 894 de
1029 865 1153 898 Lacerda,
1172 864 1206 892 de
1224 864 1327 900 Fleury,

214 904 248 933 de
263 905 374 940 Astorga
391 915 408 940 y
425 904 566 940 Cespedes‚
584 903 618 931 da
635 904 723 931 Motta
739 914 755 931 e
771 903 852 931 Silva.
870 902 986 930 Card.¹⁰¹
1006 904 1103 929 mortui
1121 901 1183 928 sede
1199 907 1322 927 vacante:

216 940 390 976 Pamphilius,
407 939 440 968 de
458 940 609 968 Comitibus
627 939 718 972 (Arch.
736 940 813 967 Caer.
833 940 884 966 579
901 949 927 973 p.
946 939 1008 969 250;
1029 939 1081 965 570
1098 940 1156 964 sine
1172 937 1219 972 p.).

287 979 307 1011 ³)
331 979 474 1005 Dominica
501 977 532 1004 16
556 976 608 1004 Iul.
636 977 705 1003 1730
730 975 856 1002 Clemens
880 975 932 1001 ΡΡ.
956 974 1005 1000 XII
1029 976 1058 1000 in
1076 971 1249 1036 Katriarchali
1273 971 1327 998 bas.

215 1015 242 1042 S.
261 1015 331 1042 Petri
349 1016 378 1041 in
396 1014 526 1041 Vaticano
544 1012 656 1040 solemni
674 1014 728 1039 ritu
746 1011 830 1038 thiara
848 1017 989 1037 coronatus
1007 1017 1045 1036 est
1065 1009 1074 1041 (
1102 1008 1157 1036 rch.
1177 1009 1254 1036 Caer.
1276 1008 1328 1035 570

214 1061 241 1086 p.
260 1051 329 1081 l-lO;
347 1051 399 1077 592
414 1060 441 1084 p.
459 1048 540 1080 5-10).

287 1087 307 1118 ⁴)
324 1087 386 1114 Post
401 1085 507 1121 longam
524 1083 718 1120 aegritudinem
735 1083 827 1116 (Arch.
844 1084 921 1110 Caer.
940 1084 992 1110 577
1008 1081 1028 1109 f.
1049 1081 1183 1113 116-158‘)
1202 1080 1328 1108 Clemens

214 1123 266 1150 ΡΡ.
284 1123 334 1149 XII
351 1124 378 1149 vi
396 1121 480 1148 morbi
498 1119 691 1157 pleuretidetici
709 1126 843 1155 correptus
862 1118 988 1146 occubuit
1005 1120 1035 1145 in
1053 1117 1108 1144 Pal.
1128 1117 1220 1153 Apost.
1240 1117 1327 1150 Quiri-

214 1158 269 1186 nali
287 1157 351 1185 hora
372 1158 439 1188 15³4
459 1156 512 1184 diei
530 1157 638 1184 Sabbati
656 1156 673 1182 6
692 1155 766 1183 Febr.
789 1156 866 1187 1740,
885 1165 928 1182 an.
948 1164 1029 1190 agens
1047 1155 1081 1180 87
1100 1160 1126 1181 et
1144 1164 1179 1180 m.
1202 1155 1243 1185 10;
1262 1151 1327 1180 sedit

214 1197 244 1221 in
260 1194 330 1221 Petri
347 1192 481 1221 Cathedra
498 1194 514 1220 9
533 1203 585 1224 an.,
602 1193 619 1218 6
636 1202 672 1218 m.
690 1202 720 1218 ac
737 1192 770 1218 25
789 1190 829 1218 d.:
852 1201 867 1218 e
884 1191 1057 1218 Corsinorum
1075 1188 1158 1216 nobili
1176 1196 1255 1224 gente
1273 1188 1327 1215 Flo-

214 1231 318 1256 rentina
338 1236 417 1260 ortus,
437 1231 485 1256 etsi
504 1235 583 1255 natus
602 1230 632 1255 in
651 1227 746 1259 Gallia,
767 1226 832 1254 dum
852 1233 926 1262 pater
945 1228 1003 1253 eius
1022 1225 1095 1261 apud
1114 1235 1202 1260 regem
1222 1226 1329 1251 oratoris

214 1275 326 1292 munere
350 1264 402 1292 fun
421 1264 514 1291 ebatur
537 1274 584 1299 pro
608 1273 707 1299 magno
731 1263 874 1290 Hetruriae
899 1261 976 1289 duce.
1002 1262 1077 1288 Mors
1102 1263 1168 1288 tanti
1193 1260 1329 1287 Pontificis

214 1310 331 1328 moerore
348 1302 395 1327 toti
443 1300 482 1326 rbi
499 1299 560 1331 fuit,
578 1301 699 1326 omnium
719 1301 790 1326 enim
808 1301 911 1325 animos
928 1305 981 1324 tarn
1000 1299 1098 1324 civium
1117 1307 1198 1332 quam
1217 1295 1329 1323 advena-

215 1346 274 1363 rum
293 1336 342 1363 sibi
361 1335 515 1363 devinxerat
533 1337 663 1366 comitate,
683 1333 856 1369 providentia,
877 1333 1041 1365 liberalitate,
1061 1340 1263 1367 ceterarumque
1281 1334 1329 1358 vir-

215 1379 303 1399 tutum
318 1373 476 1399 eximietate.
491 1371 595 1398 Pronus
608 1380 726 1405 namque
740 1380 770 1397 ac
784 1369 870 1396 facilis
884 1376 939 1396 erat
952 1372 982 1396 in
996 1367 1172 1396 auscultando
1187 1367 1329 1395 cuiuslibet

214 1407 340 1434 clamores
354 1406 396 1434 vel
411 1417 512 1442 preces:
532 1405 671 1441 expeditus
686 1408 716 1433 in
730 1404 901 1432 sublevandis
915 1407 1052 1440 oppressis;
1069 1406 1141 1431 mitis
1155 1407 1184 1431 in
1199 1403 1328 1430 mulctan-

214 1442 254 1470 dis
271 1443 439 1470 criminibus:
464 1441 553 1469 tardus
571 1441 604 1469 ad
622 1444 700 1468 iram:
724 1448 847 1468 constans
865 1443 894 1468 in
912 1441 1014 1468 iuribus
1033 1439 1165 1467 Ecclesiae
1183 1438 1328 1466 defenden-

215 1477 262 1510 dis,
281 1485 380 1505 amator
396 1480 475 1513 pacis,
493 1485 580 1505 custos
597 1479 720 1504 veritatis.
738 1477 865 1504 Animam
884 1486 959 1503 suam
977 1486 1008 1503 eo
1026 1483 1143 1511 tempore
1161 1477 1256 1506 emisit,
1275 1485 1329 1510 quo

214 1513 332 1541 sacerdos
347 1516 417 1540 intra
433 1516 489 1541 eius
506 1512 661 1540 cubiculum
678 1512 813 1540 celebrans
830 1519 955 1539 sacratam
972 1511 1085 1538 hostiam
1103 1510 1205 1546 populo
1221 1509 1329 1537 adoran—

214 1549 283 1581 dam,
302 1551 331 1576 in
350 1551 459 1584 entique
479 1549 548 1576 Patri
568 1547 756 1584 acceptandam
776 1547 926 1575 exhibebat.
947 1547 1083 1575 Cubicubi
1103 1547 1167 1574 S.‘¹¹
1188 1547 1215 1574 S.
1235 1545 1328 1582 praef„

214 1585 315 1612 R.P.D.
360 1584 410 1612 eali
429 1587 529 1620 primus
548 1586 618 1611 inter
636 1586 860 1616 caeremoniarios‚
881 1583 980 1619 aliique
999 1582 1089 1618 plures
1108 1590 1166 1609 turn
1186 1581 1329 1610 familiares

214 1627 271 1647 turn
295 1622 376 1648 exteri
399 1630 505 1647 necnon
529 1619 635 1647 card.¹''
660 1619 774 1647 Palatini
797 1629 820 1647 c.
844 1629 896 1647 ern.
920 1618 1017 1646 Guada
1036 1621 1064 1645 ni
1089 1617 1221 1646 adstantes
1245 1625 1328 1645 erant.

216 1657 289 1683 Hora
306 1658 338 1683 21
358 1666 380 1683 c.
398 1655 508 1683 dimidio
526 1655 665 1683 Hannibal
682 1655 752 1683 card.
770 1655 892 1682 Albanus
909 1665 1004 1682 camer.
1046 1654 1118 1681 ΒΕ.
1137 1653 1170 1681 ad
1187 1653 1243 1681 Pal.
1262 1654 1328 1687 Qui-

214 1691 297 1719 rinale
313 1694 387 1719 venit
402 1690 436 1719 ad
452 1691 694 1727 recognoscendum
712 1690 823 1718 cadaver
839 1690 975 1718 Pontificis
992 1689 1123 1717 defuncti.
1141 1690 1255 1717 Lazarus
1272 1689 1329 1716 Pal-

214 1729 343 1757 lavicinus
363 1729 478 1778 archiep.
499 1728 664 1760 Thebarum,
686 1727 751 1754 S.²¹·
774 1727 801 1754 S.
823 1726 951 1754 Cubiculi
991 1725 1064 1757 raef„
1087 1725 1195 1753 tradidit
1215 1725 1328 1753 anulum

214 1767 347 1801 piscatoris
367 1763 447 1792 card.¹
481 1766 631 1795 camerario,
651 1765 698 1796 qui
718 1773 780 1790 eum
801 1762 926 1790 exhibere
945 1761 978 1789 de
998 1769 1024 1789 et
1044 1763 1071 1789 S.
1092 1761 1174 1789 Coll.⁰
1194 1763 1224 1788 in
1244 1763 1328 1796 prima

231 1811 274 1828 en.
290 1802 501 1836 congregatione.
518 1798 692 1831 Cubiculum,
709 1801 738 1826 in
753 1809 808 1834 quo
824 1799 895 1834 Papa
911 1798 1079 1830 occubuerat,
1096 1797 1129 1825 ab
1146 1797 1224 1826 illius.
1233 1796 1329 1824 ultimo

214 1811 308 1864 §abitu
324 1846 464 1871 nunquam
481 1834 654 1862 deseruerunt
670 1835 721 1862 ΡΡ.
738 1835 797 1862 Soc.
813 1835 874 1862 Iesu
890 1835 1035 1862 Vaticanae
1050 1834 1106 1861 bas.
1123 1835 1327 1869 poenitentiarii,

214 1871 336 1899 defuncti
360 1870 538 1899 custodientes
560 1881 662 1906 corpus,
687 1877 713 1897 et
736 1881 783 1906 pro
806 1873 863 1897 eius
887 1873 976 1897 anima
999 1880 1063 1897 voce
1087 1869 1215 1897 submissa
1239 1868 1329 1904 depre-

214 1914 312 1935 cantes.
337 1908 422 1934 Mane
445 1914 534 1934 autem
559 1906 630 1933 facto
654 1905 764 1933 cadaver
788 1913 970 1933 exenteratum
996 1905 1157 1933 aromatibus
1180 1904 1328 1936 conditum,

214 1942 341 1970 indutum
356 1941 518 1978 quotidianis
532 1945 585 1969 suis
598 1942 715 1969 vestibus
728 1944 758 1969 in
771 1952 882 1974 camera,
897 1952 968 1977 quae
982 1952 996 1969 a
1010 1941 1107 1969 celebri
1122 1943 1224 1977 pictura
1239 1943 1328 1968 eximii

215 1982 263 2006 viri
283 1979 372 2007 Caroli
391 1980 500 2006 Maratti
520 1979 587 2006 inibi
607 1986 742 2011 asservata,
763 1978 796 2007 de
817 1979 932 2006 Maratta
952 1981 1089 2010 vocitatur,
1111 1980 1260 2013 expositum
1281 1984 1328 2004 est.

215 2016 293 2042 Circa
309 2017 421 2051 primam
437 2017 522 2042 noctis
537 2014 628 2042 horam
646 2025 659 2042 a
676 2014 811 2048 Quirinali
829 2013 862 2041 ad
878 2015 1039 2041 Vaticanum
1058 2013 1113 2041 Pal.
1131 2016 1227 2040 usitata
1243 2012 1328 2040 forma

215 2050 361 2078 deductum
377 2058 415 2078 est
430 2053 459 2077 in
474 2050 602 2086 capellam
619 2051 759 2078 Sixtinam.
777 2052 792 2077 8
809 2050 883 2077 Febr.
900 2050 990 2077 habita
1007 2057 1045 2077 est
1061 2052 1145 2085 prima
1161 2051 1329 2084 congregatio

214 2096 275 2121 gen.
297 2088 326 2113 in
348 2085 409 2113 aula
430 2093 644 2121 paramentorum
667 2085 722 2113 Pal.
745 2086 876 2117 Vaticani,
899 2088 929 2112 in
950 2096 1003 2121 qua
1025 2084 1158 2120 completo
1179 2087 1329 2111 iuramento

215 2120 342 2149 card.¹¹¹⁴'¹¹
367 2122 468 2148 R.P.D.
492 2121 567 2149 Reali
590 2124 691 2157 accepit
713 2121 746 2148 ab
770 2132 821 2149 em.
846 2122 873 2148 S.
897 2121 1045 2149 Clementis
1069 2120 1163 2148 S.R.E.
1187 2122 1329 2147 camerario

216 2157 328 2184 anulum
347 2159 489 2192 piscatoriS,
509 2167 589 2192 quem
610 2165 749 2192 postquam
769 2156 876 2184 card.¹'¹¹¹
898 2156 1051 2192 singillatim
1072 2155 1229 2188 ostenderat,
1251 2155 1329 2191 fregit

215 2203 237 2219 c.
258 2192 359 2228 scalpro
378 2202 407 2219 ac
426 2192 522 2220 malleo
542 2203 620 2228 supra
640 2202 750 2220 asserem
770 2203 877 2228 parvam
898 2192 1009 2219 locatam
1030 2194 1059 2219 in
1079 2190 1163 2227 gradu
1183 2201 1329 2218 marmoreo

215 2227 354 2260 fenestrae,
381 2227 550 2263 fractumque
576 2227 672 2255 detulit
697 2231 727 2255 in
752 2238 846 2264 gyrum
873 2238 962 2255 rursus
988 2227 1207 2263 conspiciendum
1234 2226 1328 2254 iisdem

215 2262 322 2290 card.'³”¹
345 2263 474 2291 Absoluta
497 2266 700 2299 congregatione
721 2263 905 2299 processionali
927 2263 1020 2291 ordine
1041 2274 1064 2291 c.
1087 2270 1142 2290 toto
1163 2262 1281 2299 capitulo
1303 2270 1329 2290 et

215 2298 285 2326 clero
302 2299 356 2326 bas.
377 2300 529 2331 Vaticanae,
549 2309 644 2335 corpus
663 2299 798 2326 Pontificis
817 2302 847 2326 in
865 2300 919 2326 bas.
940 2299 1058 2326 delatum
1079 2306 1125 2332 est,
1146 2299 1329 2334 subsequenti-

215 2334 266 2362 bus
281 2334 352 2361 binis
368 2342 394 2362 et
409 2334 479 2362 binis
496 2342 554 2370 post
570 2334 696 2362 feretrum
714 2335 820 2362 card.¹'¹''
839 2336 911 2362 Intra
928 2335 991 2363 eccl.
1009 2335 1121 2370 capulus
1138 2334 1171 2362 de
1191 2337 1273 2362 ositus
1291 2342 1329 2362 est

216 2372 244 2397 in
266 2369 356 2397 medio
378 2372 453 2397 navis
476 2377 502 2397 et
525 2370 642 2397 Ioachim
667 2370 850 2398 Ferdinandus
874 2372 1052 2398 Portocarrero
1075 2378 1141 2406 patr.
1192 2369 1328 2397 ntiochen.

215 2405 270 2433 bas.
289 2406 434 2433 Vaticanae
453 2408 565 2433 vicarius
583 2408 649 2434 circa
669 2405 779 2433 cadaver
797 2406 990 2434 absolutionem
1010 2406 1082 2434 fecit.
1103 2407 1165 2433 Post
1183 2408 1327 2433 orationem

215 2440 284 2468 can-¹
304 2451 343 2473 eo,
361 2451 416 2476 quo
431 2440 621 2468 descenderant
638 2441 738 2474 ordine,
756 2443 843 2478 Papae
860 2452 955 2478 corpus
971 2445 1040 2469 intra
1057 2441 1186 2478 capellam
1205 2442 1263 2469 S.'¹¹¹
1285 2442 1328 2469 Sa-

215 2479 343 2504 cramenti
363 2483 569 2512 asportaverunt,
591 2477 713 2513 illudque
732 2480 762 2505 in
782 2488 812 2505 ea
832 2480 868 2505 ita
889 2477 1017 2510 locarunt,
1039 2485 1070 2505 ut
1090 2477 1236 2505 extendens
1257 2484 1328 2505 extra

215 2511 312 2539 ferreos
335 2512 465 2539 cancellos
488 2512 587 2548 pedum
611 2516 786 2540 extremitates
809 2513 944 2549 frequenti
968 2524 997 2541 ac
1021 2513 1117 2541 devoto
1139 2513 1241 2549 populo
1262 2520 1329 2541 esset

217 2547 369 2575 exosculari.
391 2550 407 2575 9
430 2548 504 2575 Febr.
526 2548 589 2576 hora
614 2550 644 2576 15
668 2559 690 2576 c.
713 2548 824 2576 dimidio
845 2560 859 2576 a
881 2548 918 2576 ud
940 2550 967 2577 S.
990 2550 1060 2577 Petri
1081 2549 1136 2576 bas.
1159 2552 1188 2576 in
1210 2552 1327 2576 can.⁰¹''¹¹¹¹

217 2585 297 2612 choro
311 2584 440 2612 celebrata
456 2592 494 2612 est
509 2587 593 2620 prima
609 2587 687 2611 missa
702 2595 749 2620 pro
765 2595 853 2612 noven
873 2584 969 2611 ialibus
984 2587 1104 2620 exequiis
1120 2585 1225 2612 Summi
1241 2585 1328 2616 Pont.;

215 2623 312 2647 cecinit
335 2619 404 2647 card.
429 2619 519 2647 Rufus
542 2631 584 2655 ep.
609 2621 743 2651 Portuen.,
768 2621 795 2647 S.
821 2620 890 2647 Coll.
915 2619 1077 2652 subdecan„
1103 2619 1268 2647 adstantibus
1293 2621 1328 2646 27

215 2655 322 2683 card.¹’'¹'
345 2658 377 2682 10
396 2655 479 2688 Febr„
498 2655 564 2683 feria
582 2663 683 2691 quarta,
702 2666 809 2691 vespere
827 2663 916 2683 autem
935 2655 1014 2688 facto,
1034 2666 1095 2683 cum
1115 2655 1267 2691 sepulturae
1286 2655 1328 2682 de-

215 2692 400 2720 mandandum
418 2699 485 2720 esset
501 2702 596 2728 corpus
614 2693 719 2719 Summi
737 2693 814 2719 Pont.
832 2691 939 2720 card.¹‘'
958 2700 1091 2720 creaturae
1110 2692 1232 2720 defuncti
1250 2693 1328 2720 Pont.

215 2739 322 2757 necnon
339 2740 390 2756 em.
410 2729 477 2765 Finy
495 2736 678 2756 convenerunt
695 2732 724 2756 in
743 2732 883 2757 sacrarium
902 2730 956 2757 bas.
975 2730 1121 2757 Vaticanae
1139 2737 1328 2766 exspectantes,

216 2773 247 2793 ut
268 2777 283 2794 a
305 2766 400 2793 sacello
422 2767 592 2799 Sacramenti,
615 2769 644 2794 in
667 2777 722 2802 quo
744 2769 892 2802 expositum
916 2774 977 2799 erat,
1001 2767 1142 2794 efferretur
1163 2770 1193 2794 in
1216 2767 1328 2795 alterum

215 2803 301 2830 chori:
322 2802 396 2839 quod
411 2810 499 2830 actum
515 2811 561 2831 est.
579 2804 635 2831 Ubi
651 2803 795 2831 deventum
812 2811 851 2831 est
865 2807 894 2831 in
909 2804 1029 2836 chorum,
1046 2804 1147 2832 locatus
1163 2812 1201 2832 est
1217 2804 1328 2840 capulus

215 2842 245 2867 in
264 2839 353 2867 medio
372 2842 437 2867 eius.
457 2840 538 2867 Tunc
558 2847 623 2875 patr.
644 2840 806 2868 Antiochen.
827 2843 907 2868 ritum
928 2841 1121 2869 benedictionis
1142 2841 1214 2869 fecit.
1235 2843 1328 2869 Postea

216 2876 316 2912 duplex
329 2887 414 2912 capsa,
430 2879 459 2904 in
473 2887 526 2912 qua
541 2877 643 2904 iacebat
657 2888 751 2913 corpus
766 2878 910 2911 pontificis,
925 2878 1014 2906 clausa
1029 2886 1075 2906 est.
1091 2880 1153 2906 Post
1167 2879 1233 2906 haec
1248 2878 1329 2906 disce-

216 2912 342 2941 dentibus
354 2913 461 2940 card.*²'¹'
475 2924 568 2949 capsae
581 2914 614 2941 ab
628 2917 751 2949 operariis
764 2914 866 2942 delatae
879 2923 942 2942 sunt
955 2923 1026 2943 extra
1040 2915 1169 2951 capellam
1183 2924 1209 2944 et
1223 2923 1328 2944 evectae

215 2952 245 2978 in
264 2950 482 2983 loculamentum,
504 2950 577 2986 quod
597 2958 667 2978 extat
688 2961 767 2987 super
786 2954 904 2984 ianuam,
926 2963 995 2988 quae
1016 2951 1049 2979 ad
1069 2960 1207 2980 cantorum
1229 2952 1326 2980 odeum

215 2986 297 3019 ducit;
322 2987 370 3014 ubi
393 2998 471 3014 muro
494 2987 615 3021 undique
640 2987 817 3016 circumdatae
841 2989 1019 3016 remanebunt
1042 2992 1071 3018 in
1096 2990 1182 3017 forma
1206 2989 1327 3026 depositi,

215 3023 300 3052 donec
319 3031 378 3059 post
396 3034 498 3051 annum
518 3035 533 3052 a
552 3024 596 3052 die
614 3025 701 3052 obitus
721 3026 856 3053 Pontificis
875 3026 1087 3062 computandum
1107 3027 1236 3063 placuerit
1256 3027 1328 3054 here-

215 3059 294 3088 dibus
316 3060 388 3088 illius
410 3071 504 3096 corpus
528 3069 658 3096 asportare
680 3064 710 3089 in
733 3062 923 3098 sarcophagum
948 3064 1162 3099 porphyreticum
1187 3064 1289 3092 iamdiu
1313 3075 1327 3092 e

215 3097 315 3133 templo
333 3097 407 3130 (olim
425 3108 440 3125 a
458 3098 551 3125 Marco
568 3098 686 3134 Agrippa
704 3098 849 3132 aedificato,
869 3107 894 3127 et
912 3111 927 3128 a
945 3100 1083 3128 Bonifacio
1101 3101 1140 3128 IV
1159 3101 1218 3128 Deo
1234 3103 1264 3128 in
1282 3100 1327 3128 ho»

1389 338 1480 355 norem
1505 328 1637 355 Omnium
1663 327 1821 354 Sanctorum
1845 325 2015 358 consecrato),
2040 324 2115 361 quod
2136 324 2235 361 vulgus
2256 327 2354 353 vocitat
2380 326 2433 353 «La
2455 325 2507 353 Ro-
2545 320 2548 342 ³²

1389 362 1484 391 tondau
1509 362 1653 395 sublatum,
1675 369 1702 390 et
1722 361 1796 398 apud
1815 362 1870 389 bas.
1892 362 2050 389 Lateranen.
2071 363 2101 388 in
2122 360 2176 388 divi
2197 360 2322 389 Andreae
2343 361 2449 389 Corsini
2469 371 2507 389 sa-

1388 399 1456 426 cello
1479 401 1601 434 expensis
1625 399 1713 433 Papae

1389 435 1466 462 Caer.
1488 436 1540 462 577
1559 434 1580 461 f.
1603 434 1736 466 158‘-163;
1756 434 1811 460 612
1829 444 1856 469 p.
1877 434 1948 465 7⁶&
1970 433 2022 460 586
2042 435 2099 461 sine
2118 432 2159 465 Ε).
2179 434 2215 460 27
2234 432 2286 460 Iul.
2309 434 2379 460 1742
2397 432 2432 461 de
2450 443 2507 460 sero

1736 404 1888 425 constructo
1911 405 1993 433 atque
2016 396 2113 430 dotato,
2139 396 2173 424 ad
2198 396 2248 424 hoc
2272 396 2388 424 locatum
2414 397 2506 430 (Arch.
2546 408 2548 410 ·

1388 470 1479 498 habita
1498 477 1538 497 est
1555 472 1657 505 privata
1677 469 1812 496 translatio
1831 471 1945 504 corporis
1965 479 1984 496 s.
2004 479 2085 496 mem.
2106 468 2255 496 Clementis
2274 469 2326 496 ΡΡ.
2346 469 2396 496 XII
2416 479 2432 496 a
2450 468 2506 497 bas.
2545 479 2548 489 ³

1389 507 1519 534 Vaticana
1539 505 1574 533 ad
1593 505 1648 533 bas.
1670 506 1828 532 Lateranen.
1849 507 1924 532 iuxta
1944 504 2064 532 eiusdem
2086 515 2105 532 s.
2127 515 2208 532 mern.
2229 503 2366 532 desideria.
2389 504 2507 541 Capsuln

1388 544 1500 569 exterior
1520 548 1677 578 sequentem
1698 543 1777 568 inseri
1798 543 1898 568 tionem
1919 540 2027 568 habuit:
2055 541 2123 568 Ossa
2143 550 2163 568 s.
2184 551 2265 568 mem.
2287 540 2437 568 Clementis
2457 540 2507 568 XII

1388 589 1403 605 e
1428 578 1559 605 Vaticana
1582 577 1691 604 basilica
1716 576 1749 604 ad
1798 584 1981 604 ateranensem
2007 576 2132 604 translata
2156 577 2257 604 Nerius
2282 575 2352 604 card.
2378 577 2508 604 (brsinus

1388 613 1475 641 fratris
1491 613 1562 640 filius
1577 612 1725 649 praeelecto
1739 615 1769 640 in
1784 612 1915 648 gentilitia
1931 612 2032 648 capella
2050 611 2156 640 tumulo
2170 611 2278 640 recondi
2294 614 2396 640 curavit
2411 611 2456 641 die
2470 613 2507 640 27

1389 654 1487 678 mensis
1503 650 1566 678 Iulii
1583 654 1648 678 anni
1669 652 1739 678 1742
1757 650 1849 684 (Arch.
1867 651 1944 678 Caer.
1964 652 2015 678 593
2034 661 2060 686 p.
2078 650 2218 682 608-614).

1422 726 1427 731 Π
1463 688 1605 731 Quaedam
1625 687 1810 715 adnotationes
1829 690 1980 724 praesertim
2001 698 2034 731 ex
2053 690 2118 715 actis
2137 690 2243 715 consist.
2330 694 2448 732 emptae:
2473 688 2508 716 In

1388 723 2332 795 5332.523¹235251‘2231332533·.‡}{2.2ffi;‘2.5{¹53222.15513.0..
2341 730 2508 792 risse?

1393 795 1491 838 13314).
1512 795 1545 858 {n
1564 798 1670 858 qpnsist.
1691 802 1790 823 secreto
1813 797 1850 839 11·
1867 796 1940 839 Sept.
1965 794 2507 839 1739 habi'to·.S.¹¹²·¹‘·D.N.·iubilaeum

1389 841 1540 894 3ἶῖιῖἱῖἓέ
1555 830 2508 903 {oeff?¹?.¹{1¹.¹.3³1¹1¹22¹12³231¹222”3.{fflffl>.¹¹323521²³¹055¹3“1¹31083¹⁵13’3‘8

1389 903 1446 930 S.S.
1469 909 1528 938 post
1549 902 1695 930 solemnem
1718 905 1911 939 equitationem
1934 906 2124 939 possessionem
2147 905 2250 939 accepit
2270 903 2326 931 bas.
2349 903 2508 931 Lateranen.

1390 938 1481 970 (Arch.
1497 939 1574 966 Caer.
1590 940 1642 966 570
1678 959 1683 965 .
1699 940 1788 971 84-89;
1805 940 1858 966 592
1872 950 1898 975 p.
1913 941 1949 966 42
1963 949 2004 971 ss.;
2020 940 2113 967 Diario
2126 941 2199 967 2077
2213 950 2240 975 p.
2255 939 2339 972 2-41).
2353 939 2388 967 In
2400 941 2507 967 consist.

1389 981 1488 1001 secreto
1506 975 1522 1001 8
1542 975 1599 1002 Ian.
1621 975 1653 1002 17
1677 976 1688 1001 1
1710 974 1802 1002 habito
1821 975 1879 1002 S.S.
1898 974 2087 1003 allocutionem
2106 975 2202 1003 habuit
2220 974 2255 1003 de
2272 975 2422 1008 effectibus,
2440 984 2509 1012 quos

1388 1012 1542 1039 habuerunt
1567 1014 1749 1039 concessiones
1774 1018 1943 1047 secretaeque
1966 1013 2157 1039 conventiones
2182 1014 2252 1039 inter
2275 1010 2323 1039 fel.
2348 1021 2400 1039 rec.
2425 1011 2508 1039 Bene-

1389 1047 1491 1075 dictum
1511 1049 1563 1075 PP.
1582 1048 1647 1075 XIII
1666 1055 1693 1075 et
1712 1048 1860 1075 victorium
1880 1046 2041 1080 Amadeum‚
2063 1046 2203 1075 Sardiniae
2221 1057 2319 1083 regem,
2338 1053 2430 1075 contu
2449 1049 2508 1075 iura

1389 1083 1485 1127 Eccls‘
1506 1091 1533 1111 et
1553 1084 1646 1127 Apost.
1669 1083 1753 1115 Sedis;
1775 1090 1801 1111 et
1822 1085 1909 1119 exegit
1923 1085 2089 1146 fsententiam
2111 1082 2240 1126 card.¹'¹'.¹¹¹
2262 1085 2360 1119 scripto
2379 1085 2450 1112 intra
2474 1083 2506 1111 15

1389 1119 1650 1183 ῗὲἒῗῖῗωῗὲεςεὲῗ
1664 1119 1853 1183 ξιῗὲςζὲοἷᾚ.
1869 1119 2375 1191 {Sest·.{⁸;1{{.’.f..¹.¹,¹.f?¹3.i¹ssoffi
2387 1120 2487 1182 aavooe²²
2448 1118 2508 1182 ¹²¹}AE

1388 1194 1494 1218 consist.
1513 1201 1568 1219 non
1588 1198 1817 1219 connumerentur
1834 1194 1863 1218 in
1882 1190 1994 1227 collegio
2011 1201 2059 1227 per
2077 1193 2279 1223 successionem,
2299 1189 2345 1218 sed
2363 1192 2412 1227 qui
2430 1189 2508 1219 electi

1389 1226 1498 1259 fuerint,
1519 1226 1634 1254 debeant
1654 1229 1799 1254 examinari
1819 1237 1833 1254 a
1853 1226 1935 1262 pleno
1953 1226 2085 1254 auditorio
2104 1227 2188 1255 Rotae
2209 1226 2237 1259 (l.
2257 1236 2281 1254 c.
2301 1226 2322 1254 f.
2343 1226 2454 1259 81-82').
2473 1226 2508 1254 In

1389 1265 1494 1290 consist.
1511 1270 1610 1290 secreto
1629 1265 1661 1290 12
1679 1263 1754 1290 Febr.
1774 1264 1840 1290 1731
1861 1263 1918 1290 S.S.
1934 1263 2014 1290 verba
2030 1262 2095 1290 fecit
2111 1273 2191 1299 super
2206 1264 2382 1299 occupatione
2397 1261 2508 1291 Parm'ae

1388 1305 1415 1326 et
1431 1298 1582 1326 Placentiae
1598 1309 1612 1326 a
1628 1301 1753 1326 caesareis
1769 1297 1900 1326 militibus
1915 1298 1985 1326 facta
2001 1306 2061 1334 post
2076 1298 2179 1326 obitum
2197 1298 2309 1326 Antonii
2326 1297 2416 1326 ultimi
2431 1297 2508 1326 ducis

1390 1333 1418 1366 (l.
1440 1344 1463 1361 c.
1485 1334 1505 1361 f.
1529 1334 1636 1366 86⁴-88‘;
1658 1335 1741 1362 Cons.
1766 1335 1925 1363 1730ll73l
1951 1334 1971 1362 f.
1995 1335 2142 1366 293—294‘).
2165 1335 2227 1362 Post
2248 1336 2354 1362 consist.
2377 1341 2507 1363 secretum

1390 1372 1404 1398 5
1430 1371 1511 1398 Mart.
1540 1372 1606 1398 1731
1632 1370 1756 1398 habitum
1780 1369 1939 1398 Theodorus
1962 1369 2117 1398 Armandus
2140 1370 2205 1398 baro
2228 1369 2263 1398 de
2287 1369 2401 1404 Schade,
2425 1379 2508 1407 eques

1389 1406 1632 1442 Hierosolymitan„
1660 1413 1746 1434 orator
1770 1405 1899 1434 extraord.
1925 1408 2017 1442 magni
2041 1408 2159 1442 magistri
2186 1405 2422 1443 Hierosolymimn.
2447 1415 2508 1434 oon-

1389 1450 1464 1469 sueto
1483 1445 1536 1469 ritu
1556 1441 1752 1470 oboedientiam
1772 1444 1901 1478 praestitit
1921 1442 1983 1475 (AC
2004 1443 2039 1469 30
2059 1442 2079 1469 f.
2100 1442 2211 1472 93-98‘>.
2231 1442 2265 1470 In
2283 1444 2389 1470 constit.
2409 1449 2508 1470 secreto

2541 564 2548 656 ὴὲ.--
2544 520 2548 559 μ.-

1390 1480 1422 1504 21
1449 1478 1518 1505 Maii
1546 1479 1611 1505 1731
1638 1478 1730 1505 habito
1755 1478 1812 1505 S.S.
1837 1477 1951 1505 allocuta
1975 1485 2014 1505 est
2038 1477 2145 1505 card.¹’'
2171 1477 2205 1506 de
2228 1477 2364 1506 eventuali
2388 1487 2508 1506 caoenreu
2546 1477 2548 1509 ’ᾖ

1958 1513 2072 1541 uebatur
2088 1516 2241 1549 protestatio
2257 1515 2369 1542 nomine
2385 1513 2414 1541 S.
2431 1512 2509 1542 Sedis

1389 1556 1415 1576 et
1429 1549 1506 1577 Cam.
1519 1549 1621 1585 Apost.,
1635 1551 1729 1577 emissa
1742 1559 1789 1585 per
1802 1559 1872 1584 proc.
1887 1549 1948 1577 fisca
1959 1560 2002 1577 em
2016 1560 2077 1585 gen.
2093 1549 2121 1582 (l.
2135 1560 2158 1577 c.
2172 1549 2202 1577 ff.
2220 1549 2353 1582 129‘-131,
2371 1548 2508 1582 131-142).

1389 1585 1422 1612 In
1434 1587 1540 1612 consist.
1554 1592 1653 1613 secreto
1665 1586 1682 1612 6
1696 1585 1767 1621 Aug.
1786 1586 1851 1612 1731
1868 1585 1961 1616 habito
1974 1586 2031 1613 S.S.
2046 1588 2193 1613 orationem
2205 1584 2302 1613 habuit
2315 1595 2395 1622 super
2407 1591 2508 1614 conuo-

1388 1623 1478 1648 versiis
1499 1620 1657 1653 Sabaudiae;
1678 1620 1897 1657 promulgebatur
1916 1620 1986 1648 decr.
2007 1631 2087 1657 super
2107 1621 2186 1648 rebus
2206 1620 2264 1649 illas
2284 1620 2509 1650 concernentibus

1390 1656 1418 1689 (l.
1434 1666 1456 1683 c.
1473 1656 1502 1683 ff.
1522 1657 1646 1689 153-155,
1666 1657 1810 1688 1592161).
1826 1657 1860 1684 In
1875 1659 1980 1684 consist.
1997 1664 2096 1685 secreto
2110 1659 2146 1684 24
2162 1657 2236 1693 Sept.
2255 1658 2322 1685 1731
2340 1656 2435 1685 habito
2449 1656 2508 1685 S-S.

1388 1692 1467 1719 verba
1486 1691 1551 1719 fecit
1569 1691 1604 1720 de
1622 1695 1667 1724 eis,
1688 1703 1758 1728 quae
1777 1692 1842 1720 fecit
1861 1692 1895 1720 ad
1914 1692 2094 1720 conservanda
2114 1695 2173 1721 iura
2191 1699 2251 1730 post
2270 1692 2374 1721 obitum
2393 1693 2508 1721 Antonii

1388 1727 1464 1755 ducis
1479 1728 1601 1755 Parmen.
1616 1735 1643 1756 et
1657 1728 1805 1756 Placentin.
1821 1728 1849 1761 (l.
1864 1739 1887 1756 c.
1902 1728 1923 1756 f.
1942 1729 2086 1762 169‘-171).
2102 1729 2136 1756 In
2149 1731 2255 1757 consist.
2271 1735 2371 1757 secreto
2387 1730 2420 1757 19
2433 1729 2508 1757 Nov-

1392 1765 1457 1790 1731
1482 1763 1573 1791 habito
1593 1764 1651 1792 8.8.
1671 1764 1751 1792 verba
1771 1764 1867 1792 habuit
1885 1775 1966 1800 super
1985 1764 2126 1793 concordia
2145 1765 2382 1793 controversiarum
2402 1774 2426 1792 c.

1390 1799 1566 1835 Portugalliae
1585 1799 1678 1828 (Cons.
1700 1801 1863 1829 173171732
1880 1800 1900 1827 f.
1920 1801 1975 1832 84).
1993 1801 2027 1828 In
2043 1803 2149 1828 consist.
2167 1808 2266 1828 secreto
2283 1801 2315 1828 31
2335 1800 2418 1828 Mart.
2437 1774 2509 1829 {7233

1389 1834 1481 1862 habito
1497 1836 1569 1863 S.“¹·¹·
1586 1836 1662 1863 D.N.
1677 1835 1866 1864 allocutionem
1882 1836 1978 1864 habuit
1993 1846 2073 1872 super
2087 1836 2165 1864 rebus
2181 1837 2292 1864 Parmae
2305 1844 2334 1865 et
2347 1835 2509 1870 Placentiae,

1389 1878 1415 1897 et
1429 1870 1597 1906 abrogatione
1610 1882 1711 1904 eorum,
1725 1882 1795 1907 quae
1807 1879 1898 1900 contra
1911 1873 1938 1900 S.
1953 1871 2050 1900 Sedem
2063 1879 2126 1900 sunt
2138 1879 2211 1908 gesta
2221 1872 2284 1905 (AC
2293 1873 2328 1900 30
2337 1871 2358 1900 f.
2367 1870 2509 1905 204205).

1390 1906 1423 1933 In
1437 1909 1542 1934 consist.
1559 1914 1658 1934 secreto
1673 1909 1706 1934 21
1725 1907 1776 1935 Iul.
1797 1909 1867 1935 1732
1883 1907 1976 1935 habito
1991 1908 2048 1936 S.S.
2065 1908 2145 1936 verba
2161 1907 2226 1936 fecit
2241 1918 2322 1944 super
2336 1909 2509 1936 conversione

1389 1516 1544 1541 investitura
1562 1514 1672 1541 Parmae
1689 1521 1716 1541 et
1733 1513 1892 1546 Placentiae

1389 1944 1581 1972 haereticorum
1601 1944 1732 1972 Saxoniae
1749 1951 1776 1971 et
1793 1943 1990 1972 condonatione
2008 1943 2140 1971 bonorum
2159 1943 2395 1972 ecclesiastieorum
2413 1941 2508 1972 iisdem
2536 1937 2548 1953 ξ

1390 1982 1521 2007 conversis
1541 1979 1569 2012 (l.
1587 1990 1610 2007 c.
1630 1980 1659 2007 ff.
1679 1980 1815 2012 224224‘,
1835 1979 1975 2011 225-228).
1995 1980 2027 2007 In
2045 1982 2151 2007 consist.
2171 1986 2270 2007 secreto
2291 1981 2321 2007 11
2343 1979 2415 2015 Aug.
2437 1979 2509 2007 1732

1389 2015 1480 2042 habito
1490 2016 1562 2042 S.=·'¹·
1574 2016 1649 2042 D.N.
1660 2014 1848 2042 allocutionem
1862 2015 1958 2042 habuit
1969 2014 2003 2043 de
2016 2017 2216 2050 recuperatione
2225 2017 2290 2042 arcis
2299 2016 2384 2043 Orani
2395 2016 2509 2043 etvicto-

1390 2053 1427 2078 ria
1440 2053 1507 2086 regis
1520 2051 1668 2113 Hispaniae
1683 2050 1711 2083 (l.
1725 2061 1748 2078 c.
1761 2050 1782 2078 f.
1796 2050 1936 2082 232-233).
1950 2051 1983 2078 In
1995 2053 2101 2078 consist.
2115 2057 2214 2078 secreto
2230 2051 2262 2078 17
2275 2050 2349 2078 Nov-
2365 2051 2438 2078 1732
2449 2049 2508 2079 S.S.

1390 2087 1468 2114 verba
1486 2086 1550 2114 fecit
1586 2097 1600 2114 e
1617 2093 1702 2114 morte
1719 2087 1829 2113 Victorii
1847 2085 1970 2118 Amadei,
1988 2088 2056 2122 regis
2074 2085 2213 2114 Sardiniae
2231 2085 2260 2118 (l.
2278 2096 2301 2113 c.
2319 2085 2340 2113 f.
2358 2084 2507 2119 243‘-244).
2546 2116 2548 2118 ¹

1390 2123 1424 2149 23
1442 2123 1514 2149 Nov.
1534 2123 1604 2149 1732
1621 2121 1693 2157 apud
1710 2122 1738 2150 S.
1756 2123 1863 2149 Petrum
1882 2129 1986 2157 peracta
2002 2129 2066 2149 sunt
2082 2121 2210 2149 solemnia
2226 2121 2430 2150 beatificationis
2445 2131 2507 2150 ven.

1390 2157 1552 2185 Catharinae
1571 2157 1612 2185 de*
1632 2158 1706 2185 Ricci
1725 2158 1792 2185 O.P.
1814 2157 1906 2190 (Arch.
1926 2158 2003 2185 Caer.
2026 2159 2078 2185 577
2097 2157 2118 2184 f.
2138 2157 2237 2189 45-45‘;
2259 2158 2312 2185 592
2331 2167 2359 2193 p.
2381 2157 2508 2190 149-151;

1390 2194 1482 2221 Diario
1502 2195 1575 2220 2392
1596 2204 1621 2229 p.
1643 2194 1708 2225 2-8).
1729 2193 1763 2221 In
1782 2196 1887 2221 consist.
1909 2200 2008 2221 secreto
2031 2195 2063 2220 19
2084 2193 2142 2220 Ian.
2166 2194 2235 2220 1733
2257 2192 2357 2220 lectum
2377 2199 2417 2221 est
2437 2191 2507 2221 decr.

1389 2231 1503 2261 consist.,
1524 2231 1554 2256 in
1574 2239 1630 2265 quo
1649 2228 1815 2273 consulendo
1835 2228 2012 2272 indemnitate
2032 2231 2132 2272 iurium
2154 2236 2180 2256 et
2201 2228 2445 2272 emolumentorum
2466 2228 2505 2273 8..ι

1389 2264 1508 2328 fflffifiss
1521 2263 2385 2336 ῗέςῖῗῗῖξῃέιε12.ῗὲἓὲ»Ρᾶὃῗῗῖἒῖἒῖἓῑὸὲιὲῗὰἱξξῖῗᾞξῗὲῗὲὲιῗ
2399 2309 2508 2328 „em
2438 2275 2508 2301 ¹'

1389 2339 1497 2371 pens.¹'¹¹¹
1513 2346 1592 2372 super
1606 2335 1705 2364 eisdem
1720 2339 1903 2372 impositarum
1920 2337 1983 2369 (AC
1998 2338 2032 2363 30
2047 2336 2068 2363 1·“.
2083 2336 2223 2368 258-259).
2238 2337 2272 2363 111
2287 2338 2392 2364 consist.
2408 2342 2508 2364 secreto

1393 2373 1423 2399 13
1443 2372 1469 2399 Α
1489 2382 1509 2399 r.
1532 2373 1600 2399 1733
1620 2372 1713 2399 habito
1731 2373 1789 2400 S.S.
1809 2372 1968 2408 significavit
1986 2371 2093 2400 card.'³'¹'
2113 2372 2217 2399 obitum
2237 2371 2362 2400 Frideriei
2380 2371 2506 2408 Augusti,

1389 2418 1416 2435 re
1435 2410 1456 2435 is
1494 2407 1598 2436 oloniae
1614 2415 1641 2436 et
1656 2407 1731 2435 ducis
1748 2409 1887 2440 Saxoniae,
1904 2418 1934 2436 ac
1950 2418 1997 2444 pro
2012 2406 2106 2435 eodem
2124 2408 2235 2435 Sacrum
2251 2410 2281 2436 in
2296 2406 2395 2443 pontif.
2411 2406 2507 2436 sacello

1389 2443 1423 2470 ha
1460 2443 1544 2470 ndum
1567 2443 1611 2471 die
1631 2442 1775 2471 indicenda
1795 2443 1966 2471 denuntiavit
1987 2443 2015 2476 (l.
2037 2454 2060 2471 c.
2082 2443 2102 2471 f.
2125 2443 2281 2476 271‘-272‘).
2303 2445 2320 2471 9
2342 2444 2412 2471 Maii
2436 2444 2505 2472 1733
2544 2460 2545 2464 =

1389 2478 1441 2506 lata
1459 2486 1485 2506 et
1522 2479 1637 2507 ublicata
1655 2486 1694 2507 est
1711 2482 1843 2507 sententia
1861 2479 2010 2507 Clementis
2028 2480 2080 2506 ΡΡ.
2098 2479 2147 2506 XII
2165 2481 2195 2507 in
2212 2489 2292 2507 causa
2309 2478 2418 2507 Nicolai
2435 2477 2506 2507 card.

1389 2515 1483 2542 Coscia
1499 2490 1527 2547 ὃ
1542 2525 1565 2542 c.
1580 2515 1600 2542 f.
1615 2515 1755 2547 278-285).
1770 2516 1803 2543 In
1817 2518 1923 2543 consist.
1938 2522 2037 2543 secreto
2054 2517 2083 2542 11
2102 2516 2171 2542 Maii
2189 2516 2258 2542 1733
2274 2514 2367 2543 habito
2380 2525 2428 2551 per
2441 2524 2506 2543 secr.

1389 2549 1438 2577 litt.
1456 2549 1490 2578 ad
1507 2553 1640 2586 principes
1657 2550 1771 2586 perlecta
1789 2558 1828 2579 est
1845 2553 1955 2579 nomine
1973 2551 2079 2579 Summi
2097 2551 2175 2578 Pont.
2194 2550 2320 2578 allocutio
2336 2550 2372 2579 ad
2387 2549 2506 2583 oerd.¹''‚

1389 2589 1418 2613 in
1436 2596 1490 2622 qua
1508 2585 1626 2614 dolorem
1646 2587 1710 2614 S.‘''
1731 2587 1758 2614 S.
1778 2597 1810 2614 ex

1388 2631 1480 2649 causas
1492 2624 1606 2657 potiores
1619 2622 1779 2658 assignando
1791 2622 1950 2658 significavit
1964 2622 1992 2655 (l.
2006 2633 2028 2651 c.
2043 2622 2063 2650 f.
2078 2622 2226 2655 276-277‘).
2241 2623 2275 2650 In
2286 2624 2393 2650 consist.
2407 2628 2507 2651 semem

1389 2659 1424 2685 28
1441 2659 1514 2694 Sept.
1533 2659 1601 2686 1733
1618 2658 1710 2687 habito
1724 2659 1823 2687 lectum
1839 2666 1878 2687 est
1892 2659 1962 2687 decr.
1977 2662 2092 2691 consist.,
2108 2669 2164 2695 quo
2178 2658 2352 2687 confirmatur
2365 2657 2506 2687 concordia

1388 2699 1454 2724 inita
1471 2698 1540 2723 inter
1556 2698 1743 2731 participantes
1760 2694 1990 2731 quindenniorum
2007 2702 2034 2723 et
2050 2705 2139 2730 congr.
2158 2695 2185 2722 S.
2203 2694 2341 2723 Benedicti
2358 2693 2507 2723 vallisoleti

1389 2734 1582 2768 Hispaniarum
1602 2732 1630 2764 (l.
1649 2742 1672 2759 c.
1690 2731 1711 2759 f.
1729 2732 1877 2763 296-297‘).
1895 2732 1929 2759 In
1947 2733 2052 2759 consist.
2071 2738 2170 2759 secreto
2188 2732 2222 2758 27
2242 2732 2303 2758 Iun.
2325 2732 2393 2759 1735
2413 2730 2506 2760 habito

1389 2770 1446 2797 S.S.
1464 2769 1652 2797 allocutionem
1669 2769 1765 2796 habuit
1782 2768 1816 2797 de
1832 2768 1888 2796 filio
1904 2771 2053 2804 iniquitatis
2069 2769 2172 2796 Ioanne
2188 2767 2286 2796 Carolo
2302 2778 2344 2804 ep.
2363 2769 2391 2796 S.
2408 2767 2506 2804 Papuli

1881 2589 1900 2614 't
1917 2589 1986 2614 circa
2003 2597 2034 2614 ω
2053 2594 2143 2614 contra
2162 2585 2232 2614 card.
2252 2587 2347 2614 Coscia
2383 2588 2512 2619 exercitas

1390 2807 1452 2838 (AC
1473 2808 1504 2833 31
1528 2806 1548 2833 f.
1571 2806 1680 2838 58‘-60).
1700 2806 1734 2834 In
1753 2808 1858 2833 consist.
1879 2813 1978 2833 secreto
2000 2807 2030 2832 ll
2053 2805 2118 2841 Apr.
2143 2806 2212 2832 1736
2234 2806 2307 2832 S.¹·²·¹·
2329 2805 2405 2833 D.N.
2425 2805 2506 2834 verba
2545 2816 2548 2817 ⁷

1388 2843 1453 2871 fecit
1469 2846 1536 2871 circa
1554 2850 1651 2870 statum
1669 2845 1831 2878 quaestionis
1848 2845 1877 2870 in
1894 2841 1995 2870 ducatu
2012 2843 2135 2869 Parmen.
2153 2849 2180 2869 et
2196 2841 2345 2869 Placentin.
2362 2849 2423 2878 post
2437 2852 2506 2870 mot·-

1389 2887 1442 2907 tem
1459 2880 1572 2907 Antonii
1589 2880 1705 2907 Famesii
1722 2878 1797 2907 ducis
1814 2880 1937 2907 Pannen.
1954 2886 1981 2906 et
1997 2878 2154 2911 Placentin.,
2172 2886 2199 2906 et
2215 2881 2283 2906 circa
2299 2889 2331 2906 ea
2347 2889 2418 2915 quae
2434 2878 2505 2907 fam

1388 2924 1451 2944 sunt
1474 2916 1507 2944 ad
1531 2915 1702 2944 defendenda
1725 2919 1783 2944 iura
1806 2923 1889 2952 apost.
1913 2918 2030 2951 supremi
2053 2915 2166 2943 dominii
2191 2915 2219 2948 (l.
2243 2926 2266 2943 c.
2291 2915 2311 2943 f.
2336 2916 2447 2948 91‘-94).
2471 2916 2504 2944 In

1388 2957 1493 2981 consist.
1511 2961 1610 2982 secreto
1627 2954 1662 2980 26
1680 2954 1753 2989 Sept.
1774 2954 1843 2981 1736
1860 2953 1953 2980 habito
1970 2953 2027 2980 S.S.
2045 2953 2203 2988 significavit
2219 2952 2326 2980 card.¹'¹¹'
2345 2963 2416 2986 quae
2432 2959 2505 2989 gesta

1388 2998 1452 3018 sunt
1466 3001 1514 3027 pro
1528 3001 1609 3026 regno
1625 2990 1759 3023 Poloniae,
1775 2989 1864 3026 quoad
1880 2989 2002 3026 epistolas
2017 2997 2044 3018 et
2058 2990 2148 3017 brevia
2163 2989 2331 3022 demandata,
2348 3000 2456 3018 necnon
2470 2988 2506 3018 de

1388 3030 1578 3055 constitutione
1596 3035 1687 3055 contra
1707 3026 1864 3055 orthodoxos
1883 3029 1937 3054 iam
1957 3026 2005 3054 diu
2024 3034 2147 3054 emanata
2166 3037 2241 3055 nunc
2260 3037 2311 3062 ope
2330 3034 2357 3055 et
2376 3033 2504 3062 potestate

1388 3067 1455 3100 regis
1468 3075 1511 3092 ere
1532 3072 1556 3092 ta
1571 3064 1600 3097 (l.
1614 3074 1637 3092 c.
1651 3064 1671 3092 f.
1685 3064 1796 3096 97¹-99).
1810 3064 1843 3091 In
1856 3066 1962 3091 consist.
1976 3071 2075 3091 secreto
2088 3064 2105 3090 6
2120 3064 2188 3090 Maii
2206 3065 2275 3091 1737
2290 3064 2348 3091 S.S.
2362 3065 2504 3099 exquisivit

1387 3108 1447 3129 vota
1465 3111 1479 3129 c
1529 3101 1593 3128 .¹¹¹”¹¹
1612 3111 1692 3137 super
1708 3100 1881 3128 relationibus
1897 3103 1928 3128 in
1944 3102 2050 3128 consist.
2068 3099 2166 3128 habitis
2183 3102 2253 3128 vitae
2270 3107 2297 3127 et
2313 3099 2504 3128 miraculorum
