2548 3464
1018 633 1436 690 PRAEFAT[O

206 787 312 819 Huius
341 786 559 819 «Hierarchiae
583 785 780 819 Catholicae»
809 789 884 818 sexti
909 785 1077 818 voluminis
1101 786 1203 818 RAno
1227 786 1337 818 eadem
1356 794 1401 818 est
1420 798 1454 818 ac
1474 786 1641 818 voluminis
1661 789 1762 830 quinti
1783 799 1800 818 a
1820 786 1910 819 nobis
1929 799 2011 819 anno
2036 787 2113 818 1952
2133 787 2215 820 editi.

206 843 329 875 Praeter
351 842 479 874 FONTES
504 844 606 885 quinti
630 845 703 874 tomi
727 853 766 873 ex
787 841 963 874 Tabulariis
984 841 1142 874 Vaticanis
1164 841 1372 886 depromptos,
1393 845 1425 876 in
1445 845 1666 886 compositione
1684 842 1778 876 huius
1798 845 1872 875 sexti
1892 842 2058 875 voluminis
2078 843 2144 875 aliis
2171 843 2368 876 fontibus

54 910 58 912 <
83 898 221 934 novis,
252 898 285 927 in
306 895 423 927 eisdem
445 894 618 927 pontificiis
639 894 781 926 Archivis
803 894 1013 932 existentibus,
1037 897 1084 927 usi
1108 907 1223 932 sumus,
1250 907 1328 938 quos
1349 894 1438 927 nobis
1459 898 1595 939 primum
1617 895 1772 939 explorare
1794 895 1890 934 licuit,
1913 907 2053 939 quosque
2075 896 2133 927 hoc
2156 895 2222 928 loco
2244 908 2369 928 enume-

27 959 41 979 τι
83 960 198 982 ramus:

251 1003 278 1042 1)
305 1002 430 1036 «Βιιῑίαε
454 1002 675 1035 consistoriales
700 1002 859 1035 Benedicti
884 1003 942 1035 ΡΡ.
969 1003 1072 1035 XIV».
1099 1002 1153 1035 Est
1177 1002 1320 1035 collectio
1340 1003 1379 1034 28
1401 1003 1606 1041 voluminum,
1629 1015 1709 1047 quae
1729 1006 1891 1035 continent
1912 1003 2097 1036 documenta
2118 1003 2157 1036 de
2179 1003 2303 1036 historia
2322 1016 2368 1036 ec-

18 1053 27 1078 ³
83 1057 266 1090 clesiasticae
291 1056 562 1089 administrationis
587 1064 618 1088 et
643 1055 833 1099 disciplinae.

248 1112 279 1151 2)
306 1112 497 1145 «Collezioni
519 1112 551 1144 di
574 1112 659 1144 Bolle
683 1124 699 1144 e
723 1112 811 1144 Brevi
834 1111 1032 1155 Apostolici».
1057 1111 1110 1143 Est
1133 1111 1152 1142 6
1175 1111 1376 1143 voluminum
1401 1111 1549 1150 collectio,
1576 1124 1656 1155 quae
1682 1114 1714 1143 in
1742 1114 1783 1144 sic
1809 1111 1891 1144 dicto
1916 1111 2018 1144 fundo
2042 1111 2240 1144 consistoriali
2266 1111 2368 1144 Tabu-

5 1155 26 1159 ’Δ
83 1165 149 1198 larii
172 1165 314 1198 Vaticani
338 1174 513 1198 asservatur.
538 1165 661 1197 Praeter
684 1164 788 1197 Bullas
812 1173 842 1196 et
867 1165 974 1196 Brevia
997 1163 1035 1196 ab
1059 1163 1151 1196 altera
1175 1163 1342 1196 medietate
1366 1164 1478 1196 saeculi
1503 1164 1608 1196 XVIII
1633 1176 1733 1207 usque
1757 1164 1796 1196 ad
1820 1164 2017 1196 medietatem
2040 1164 2152 1196 saeculi
2177 1164 2248 1196 XIX
2274 1164 2368 1207 (prae-

83 1221 187 1251 sertim
207 1230 245 1250 ex
266 1218 447 1262 pontificatu
470 1218 517 1249 Pii
539 1218 598 1249 ΡΡ.
621 1217 666 1249 VI
688 1226 719 1249 et
740 1218 787 1249 Pii
810 1217 869 1249 ΡΡ.
893 1217 976 1255 VII),
1000 1219 1204 1248 inveniuntur
1230 1220 1262 1248 in
1284 1217 1368 1249 hisce
1388 1217 1599 1249 voluminibus
1621 1217 1737 1249 litterae
1758 1229 1884 1260 quoque
1906 1217 2130 1256 Cardinalium,
2152 1217 2297 1260 epistolae
2319 1229 2368 1260 pa-

83 1270 206 1304 storales
228 1270 459 1314 Episcoporum,
483 1270 684 1303 allocutiones
706 1270 882 1314 pontificiae
905 1269 1135 1307 consistoriales,
1160 1271 1360 1302 invitationes
1383 1281 1492 1307 sacrae,
1516 1278 1547 1301 et
1570 1270 1636 1303 alia.

249 1326 279 1365 3)
307 1326 470 1359 «Archivio
493 1326 575 1359 dello
599 1327 741 1358 Scrittore
766 1326 920 1368 Segreto».
947 1325 999 1357 Est
1023 1325 1162 1357 collectio
1185 1325 1223 1356 45
1250 1325 1446 1358 voluminum
1471 1334 1502 1358 et
1526 1327 1545 1357 4
1569 1326 1787 1358 fasciculorum
1813 1326 1996 1369 («paechi»),
2022 1329 2055 1357 in
2081 1325 2195 1369 quibus
2219 1337 2368 1358 asservan-

84 1387 133 1413 tur
156 1382 273 1424 primae
296 1383 530 1424 perscriptiones
554 1379 741 1418 (uminuten)
765 1379 923 1412 bullarum
946 1391 1000 1422 per
1024 1381 1107 1410 viam
1131 1387 1280 1410 secretam
1306 1378 1448 1410 Datariae
1473 1378 1666 1422 Apostolicae
1690 1378 1903 1422 expeditarum
1929 1378 1968 1410 ab
1993 1391 2076 1410 anno
2104 1379 2182 1410 1730
2206 1390 2305 1421 usque
2330 1378 2368 1410 ad

85 1432 196 1466 Leonis
219 1433 278 1465 ΡΡ.
304 1433 379 1465 ΧΙΙΙ
403 1432 627 1476 pontificatum.
655 1433 743 1464 Haec
767 1432 907 1464 collectio
931 1434 1069 1463 continet
1094 1433 1273 1474 praesertim
1299 1443 1491 1463 summorum
1516 1443 1550 1463 ac
1577 1431 1749 1463 mediorum
1776 1431 2001 1463 Beneficiorum
2027 1434 2221 1474 provisiones,
2249 1430 2367 1474 Episco-

83 1497 194 1530 porum
219 1485 389 1518 titularium
417 1485 642 1524 (coadiutorum
669 1484 792 1523 scilicet,
820 1484 1014 1517 auxiliarium
1041 1484 1110 1522 etc.)
1138 1486 1356 1527 promotiones,
1382 1487 1546 1527 pensiones
1568 1496 1607 1516 ex
1631 1483 1792 1516 beneficiis
1816 1483 2036 1527 percipiendas,
2062 1483 2238 1516 collationes
2262 1483 2369 1515 Pallio-

84 1550 154 1571 rum
176 1546 207 1571 et
230 1538 505 1576 commendatum,
530 1538 727 1570 Dioecesium
751 1540 892 1575 uniones,
918 1539 1147 1581 suppressiones
1171 1548 1205 1568 ac
1231 1535 1523 1569 dismembrationes.

248 1593 280 1632 4)
305 1593 468 1626 «Archivio
489 1593 571 1626 della
592 1594 791 1626 Nunziatura
812 1593 843 1625 di
867 1593 1028 1630 Colonia»,
1055 1592 1238 1630 «Lisbona»,
1262 1601 1293 1624 et
1319 1592 1492 1624 «Madrid».
1518 1591 1564 1624 Ex
1586 1592 1779 1624 documentis
1804 1592 1916 1624 horum
1939 1592 2202 1624 Nuntiaturarum
2225 1591 2369 1623 Archivo-

84 1659 154 1680 rum
177 1650 420 1680 examinavimus
444 1649 621 1691 praesertim
645 1647 807 1679 Processus
829 1646 1043 1679 informativos
1067 1657 1158 1689 super
1183 1644 1385 1688 qualitatibus
1412 1644 1633 1688 Episcoporum
1660 1644 1938 1688 promovendorum
1965 1644 2005 1676 ab
2030 1643 2212 1687 Apostolicis
2239 1643 2369 1676 Nuntiis

84 1699 248 1738 confectos,
271 1703 325 1744 qui
349 1700 451 1732 adhuc
473 1708 600 1733 exstant.

250 1756 279 1794 5)
310 1757 447 1789 «Lettere
474 1755 505 1788 di
533 1755 721 1788 cardinali».
751 1755 804 1788 Est
829 1755 968 1787 collectio
994 1756 1055 1788 217
1082 1766 1295 1792 numerorum,
1321 1753 1360 1786 ab
1383 1766 1466 1786 anno
1493 1754 1570 1786 1522
1595 1753 1633 1786 ad
1657 1766 1777 1786 annum
1805 1753 1891 1791 1815,
1917 1765 1997 1797 quae
2020 1755 2239 1785 commercium
2261 1754 2370 1795 episto-

84 1808 146 1842 lare
169 1811 248 1841 inter
271 1809 402 1842 Curiam
425 1809 597 1841 Romanam
621 1817 652 1841 et
675 1808 858 1841 Cardinales
880 1810 1027 1840 continet.
1053 1807 1227 1850 Descriptio
1252 1806 1328 1838 haec
1349 1809 1522 1850 argumenti
1545 1806 1732 1838 collectionis
1753 1818 1816 1837 non
1839 1814 1884 1838 est
1905 1808 2006 1837 stricte
2027 1804 2214 1848 accipienda;
2237 1804 2370 1836 nonnul-

85 1857 135 1894 lae
151 1864 237 1894 enim
257 1861 473 1894 Cardinalium
495 1861 641 1904 epistolae
661 1873 750 1904 saepe
772 1863 976 1893 inveniuntur
996 1862 1091 1892 etiam
1113 1863 1145 1891 in
1168 1859 1225 1891 alia
1253 1859 1432 1891 collectione
1453 1862 1504 1891 cui
1528 1859 1636 1891 titulus
1661 1859 1798 1890 «Lettere
1820 1858 1852 1890 di
1874 1859 2003 1890 Vescovi
2025 1870 2041 1889 e
2064 1857 2203 1889 Prelati».

250 1914 281 1953 6)
307 1915 444 1946 «Lettere
465 1914 498 1946 di
519 1914 649 1946 Vescovz'
671 1926 687 1946 e
711 1913 821 1946 Prelati
843 1925 939 1957 epoca
961 1912 1204 1956 Napoleonica».
1232 1911 1285 1944 Est
1318 1912 1373 1943 113
1403 1911 1621 1944 fasciculorum
1650 1911 1811 1949 («mazzi»)
1841 1910 1988 1948 collectio,
2018 1922 2098 1953 quae
2126 1912 2264 1941 continet
2291 1921 2370 1941 com-

86 1969 234 1999 mercium
257 1966 419 2011 epistolare
442 1970 522 1998 inter
546 1967 719 1999 Romanam
744 1966 873 1999 Curiam
898 1975 929 1998 et
954 1965 1119 2009 Episcopos
1144 1977 1178 1997 ae
1202 1964 1359 1997 Praelatos
1380 1964 1418 1996 ab
1439 1977 1523 1996 anno
1548 1965 1625 1995 1800
1646 1964 1683 1996 ad
1706 1976 1826 1995 annum
1851 1964 1936 1996 1809.

251 2023 281 2061 7)
308 2023 503 2055 «duramenta
525 2022 693 2054 Fidelitatis
715 2030 745 2054 et
768 2021 975 2064 Professiones
998 2021 1113 2053 Fidei».
1139 2021 1227 2052 Haec
1253 2020 1391 2052 collectio
1414 2021 1452 2052 23
1475 2019 1671 2052 voluminum
1694 2022 1805 2063 pariter
1827 2022 1860 2051 in
1883 2021 1925 2051 sic
1946 2018 2028 2051 dicto
2050 2017 2151 2050 fundo
2173 2016 2370 2049 consistoriali

86 2075 244 2108 Tabularii
268 2076 411 2108 Vaticani
437 2084 611 2108 asservatur.
640 2074 692 2107 Est
716 2074 857 2107 collectio
881 2074 1034 2118 quaedam
1060 2073 1249 2117 incompleta
1268 2075 1546 2105 instrumentorum
1568 2072 1814 2104 Iuramentorum
1836 2071 2004 2103 Fidelitatis
2023 2079 2055 2102 et
2075 2070 2305 2102 Professionum
2326 2069 2371 2100 Fi-

86 2127 136 2161 dei
158 2128 379 2172 Episcoporum
401 2137 431 2161 et
453 2128 611 2161 Abbatum
634 2131 888 2161 monasteriorum
911 2126 1165 2159 consistorialium
1190 2125 1228 2158 ab
1254 2137 1337 2157 anno
1360 2126 1436 2157 1654
1457 2125 1494 2157 ad
1515 2137 1633 2157 annum
1659 2124 1744 2162 1858;
1765 2136 1845 2167 quae
1865 2135 1937 2155 vero
1955 2123 2005 2155 hic
2026 2122 2138 2155 desunt
2158 2125 2370 2159 instrumenta,

87 2183 197 2224 partim
219 2183 298 2213 inter
321 2181 481 2214 Processus
504 2180 738 2213 Consistoriales
761 2183 973 2213 inveniuntur.
999 2179 1207 2212 Instrumenta
1233 2178 1479 2211 Iuramentorum
1503 2177 1670 2209 Fidelitatis
1694 2176 1755 2214 (vel
1779 2176 1896 2208 litterae
1919 2189 1954 2208 ea
1977 2175 2167 2213 comitantes)
2192 2174 2371 2218 generaliter

87 2233 225 2266 indicant
247 2233 331 2266 diem
353 2236 589 2266 consecrationis
613 2233 755 2277 Episcopi
779 2241 809 2265 et
833 2235 960 2264 nomina
983 2234 1188 2265 consecrantis
1211 2243 1249 2263 ac
1271 2233 1576 2263 conconsecrantium
1600 2229 1829 2273 Episcoporum.

252 2290 282 2327 8)
310 2289 500 2322 «Collezioni
523 2289 555 2321 di
580 2289 769 2322 Risoluzioni
795 2288 1055 2321 Ecclesiastiche».
1083 2288 1164 2320 Sunt
1188 2289 1208 2318 2
1233 2287 1392 2320 volumina
1414 2289 1524 2329 pariter
1545 2288 1577 2317 in
1601 2288 1643 2318 sic
1664 2285 1746 2317 dicto
1767 2284 1869 2317 fundo
1889 2285 2087 2316 consistoriali
2108 2282 2248 2314 eiusdem
2269 2281 2371 2313 Tabu-

87 2341 153 2374 larii
177 2351 333 2381 asservata,
359 2354 440 2386 quae
463 2345 624 2374 continent
648 2345 814 2375 summaria
837 2354 910 2374 cum
934 2341 1128 2373 documentis
1152 2339 1356 2383 originalibus
1381 2341 1548 2382 spectantia
1575 2338 1613 2370 ad
1639 2350 1685 2370 res
1712 2337 1870 2369 Indiarum
1897 2335 2105 2368 Orientalium
2131 2335 2205 2367 hinc
2230 2337 2263 2366 in
2290 2335 2372 2367 Con-

87 2394 314 2438 gregationibus
333 2394 568 2438 particularibus
587 2394 766 2432 tractandas,
787 2394 826 2426 ab
845 2406 929 2426 anno
953 2394 1027 2425 1795
1050 2393 1088 2426 ad
1109 2405 1228 2424 annum
1258 2392 1343 2423 1802.
1579 2392 1584 2400 “

252 2451 283 2489 9)
309 2451 430 2483 «Gallia
452 2451 628 2483 moderna».
654 2450 707 2483 Est
730 2450 887 2488 volumen,
912 2450 996 2493 quod
1020 2451 1113 2481 etiam
1136 2451 1168 2480 in
1192 2448 1305 2480 eodem
1324 2447 1426 2479 fundo
1444 2446 1642 2478 consistoriali
1662 2449 1818 2489 reperitur.
1841 2445 1961 2488 Integra
1980 2447 2079 2487 operis
2098 2446 2243 2486 inscripto
2262 2445 2296 2474 in
2315 2445 2373 2486 pri-

88 2515 140 2535 mo
161 2502 237 2535 folio
259 2506 301 2536 sic
324 2503 448 2547 legitur:
483 2503 603 2535 «Gallia
625 2503 773 2535 moderna
796 2503 899 2546 quoad
922 2505 1109 2545 provisiones
1132 2500 1440 2543 metropolitanarum
1466 2507 1495 2531 et
1521 2498 1744 2531 cathedralium
1769 2498 1891 2541 aliaque
1916 2500 2040 2539 negotia
2066 2496 2265 2528 ecclesiastica
2290 2507 2373 2538 pera-

88 2563 136 2587 cta
156 2568 174 2587 a
190 2556 325 2588 ‘Summo
347 2555 498 2598 Pontifice
520 2557 575 2588 Pio
596 2556 656 2588 VH
680 2564 747 2587 tum
770 2555 886 2587 Romae
909 2562 976 2586 tum
998 2555 1138 2586 Lutetiae
1161 2554 1349 2585 Parisiorum
1369 2560 1577 2584 commorante
1597 2563 1681 2582 anno
1706 2551 1778 2582 1801
1804 2562 1903 2593 usque
1924 2549 1963 2581 ad
1984 2561 2126 2592 praesens
2151 2547 2289 2587 [1805]».

257 2611 304 2649 10)
329 2611 487 2643 Volumen
512 2614 600 2654 signo
628 2611 727 2643 «Tit»
756 2623 773 2643 a
798 2610 887 2644 nobis
911 2610 1043 2643 breviter
1066 2609 1265 2652 designatum
1289 2611 1400 2652 pariter
1424 2611 1456 2639 in
1481 2607 1583 2640 fundo
1606 2606 1804 2639 consistoriali
1829 2614 1932 2638 exstat.
1960 2605 1995 2637 In
2019 2607 2086 2637 eius
2110 2607 2208 2647 primo
2232 2603 2307 2635 folio
2332 2614 2373 2635 se-

89 2675 188 2707 quens
212 2663 323 2708 legitur
348 2663 469 2696 titulus:
505 2664 732 2707 «Episcopatus,
758 2663 867 2701 Tituli,
894 2663 1062 2694 Diaconiae
1088 2662 1208 2705 aliaque
1234 2661 1340 2703 officia
1365 2661 1404 2692 ad
1430 2661 1533 2692 Em.os
1559 2660 1665 2692 S.R.E.
1693 2659 1874 2691 Cardinales
1899 2660 2075 2701 spectantia.
2103 2657 2194 2699 Opus
2220 2655 2373 2687 Bartholff

88 2720 168 2749 maei
193 2716 301 2758 Regoli
330 2717 435 2749 1768».
463 2716 532 2750 Alia
558 2729 669 2749 manus
695 2719 888 2748 continuavit
913 2718 1020 2748 seriem
1046 2714 1266 2748 Cardinalium
1289 2713 1346 2746 sub
1369 2712 1561 2756 singulorum
1584 2712 1688 2744 titulis.

213 2772 295 2804 Inter
338 2785 463 2816 opera
508 2775 621 2816 typis
664 2775 884 2816 impressa,
930 2784 947 2803 a
970 2770 1059 2804 nobis
1083 2773 1115 2802 in
1140 2769 1360 2813 compilatione
1386 2769 1479 2801 huius
1505 2770 1579 2800 sexti
1605 2767 1772 2799 voluminis
1798 2766 1976 2808 subsidiaria
2003 2773 2124 2797 tanturn
2148 2767 2266 2796 ratione
2290 2763 2374 2795 adhi-

90 2823 161 2863 bita,
188 2824 266 2857 illud
291 2828 468 2869 praesertim
492 2825 666 2857 notandum
691 2833 745 2863 est,
771 2824 855 2868 quod
885 2825 1009 2855 «Diario
1034 2823 1066 2855 di
1092 2823 1206 2855 Roma»
1235 2821 1418 2854 inscribitur.
1443 2821 1554 2864 Agitur
1577 2820 1616 2852 de
1639 2819 1844 2863 ephemeride,
1868 2830 1948 2862 quae
1971 2817 2099 2850 saeculis
2121 2817 2226 2848 XVIII
2249 2825 2279 2848 et
2302 2815 2374 2847 XIX

90 2879 215 2909 maximi
243 2880 392 2909 momenti
422 2886 515 2921 atque
543 2880 613 2910 satis
641 2886 750 2909 notatu
779 2877 873 2920 digna
902 2879 1024 2914 exstitit;
1054 2878 1141 2907 initia
1169 2874 1282 2907 habuit
1305 2874 1356 2906 die
1381 2874 1396 2905 5
1421 2873 1554 2916 Augusti
1583 2873 1659 2904 1716
1682 2884 1774 2915 opere
1797 2871 1927 2903 fratrum
1952 2871 2175 2913 Hungarorum
2200 2868 2374 2900 Lucae-An-

92 2932 167 2961 tonii
190 2938 221 2962 et
243 2929 367 2962 Ioannis
390 2930 535 2968 Chracas,
560 2938 654 2973 atque
676 2942 760 2962 anno
788 2930 864 2961 1894
889 2941 958 2961 suas
981 2928 1114 2971 explevit
1137 2927 1298 2959 editiones.
1321 2927 1358 2958 In
1379 2929 1488 2958 nostris
1509 2924 1705 2957 citationibus
1726 2924 1900 2956 indicamus
1920 2934 2086 2955 numerum
2107 2921 2324 2953 fasciculorum
2343 2928 2374 2952 et

91 2984 282 3025 paginarum,
306 2981 421 3026 quibus
443 2985 608 3026 praecipue
631 2985 830 3014 continentur
853 2984 980 3014 notitiae
1003 2981 1043 3013 de
1065 2979 1348 3012 consecrationibus
1371 2978 1592 3022 Episcoporum
1616 2978 1732 3009 Romae
1755 2976 1866 3008 habitis
1889 2984 1981 3019 atque
2005 2975 2043 3007 de
2067 2974 2283 3007 Cardinalium
2306 2972 2374 3016 Epi-

91 3045 314 3078 scoporumque
333 3034 516 3068 decessibus.

215 3089 321 3122 Huius
343 3090 480 3134 denique
506 3090 724 3122 “Hierarchiae
747 3089 945 3122 Catholicae»
972 3091 1047 3121 sexti
1072 3091 1145 3120 tomi
1168 3087 1265 3120 editio
1292 3098 1355 3118 non
1382 3085 1475 3118 modo
1501 3087 1589 3128 typis,
1617 3087 1695 3116 sicut
1721 3086 1781 3115 iam
1808 3082 1974 3115 voluminis
2000 3084 2101 3125 quinti
2129 3083 2293 3125 impressio,
2322 3079 2374 3112 sed
