2548 3464
1023 224 1093 259 IV.
1117 220 1303 260 Clemens
1326 225 1423 260 XIV

295 327 410 366 Antea
435 329 645 366 Laurentius
669 326 895 379 Ganganessi,
922 338 958 365 tt.
985 328 1047 366 SS.
1072 328 1139 365 XII
1164 326 1414 379 Apostolorum
1438 327 1512 380 pbr.
1538 328 1671 374 card.,¹)
1696 328 1827 368 electus
1854 332 1895 367 19
1921 331 2011 368 Maii
2040 329 2173 375 1769,²)

778 417 963 445 coronatus
984 409 1006 444 4
1029 408 1108 445 Iun.
1138 407 1270 451 1769,³)
1294 407 1316 454 †
1339 410 1386 445 22
1410 408 1504 459 Sept.
1534 407 1666 453 177451)

153 575 173 607 ²)
194 574 239 603 Cf.
259 574 353 602 S.R.E.
370 573 440 602 card.
460 575 507 606 III,
527 576 571 601 2l.

153 611 172 643 ²)
193 610 329 638 Absolutis
350 612 469 646 exequiis
491 609 696 637 novendialibus
718 620 765 645 pro
787 612 876 638 anima
899 620 919 637 s.
942 620 1022 637 mem.
1046 610 1194 638 Clementis

81 648 133 676 PP.
147 647 210 674 XIII
230 647 260 674 15
279 646 354 674 Febr.
374 647 442 673 1769
458 648 488 674 in
503 645 584 673 choro
598 646 653 673 bas.
670 646 816 673 Vaticanae
832 648 910 673 missa
927 645 960 673 de
977 647 1079 681 Spiritu
1096 647 1194 673 Sancto

81 690 184 711 cantata
201 689 240 710 est
257 693 272 709 a
289 681 359 709 card.
377 683 462 709 Lante
480 682 518 709 S.¹
539 681 609 709 Coll.
627 680 797 713 subdecano,
816 692 870 717 qua
889 681 1001 709 solemni
1018 684 1071 709 ritu
1090 682 1192 717 expleta

81 719 180 747 R-P-D.
207 718 347 746 Assemani
374 717 489 753 archiep.
516 717 659 753 Apamien.
687 717 836 753 elegantem
864 720 1009 745 orationem
1037 718 1133 745 habuit
1160 717 1192 745 ad

80 753 186 782 card.¹”
205 752 239 781 de
257 753 386 781 electione
404 753 548 780 Pontificis.
567 753 692 780 Intonato
710 753 812 789 hymno
834 754 920 780 «Veni
939 754 1062 780 Creator„
1085 753 1192 780 card.¹‘¹

80 789 303 852 procejsionaliltler
319 792 428 825 ingressi
445 796 513 852 sund
525 789 651 852 Ιεοηςέἰινὲἷ
667 788 700 816 ad
711 789 844 852 fsacellpm
862 788 1007 852 Paulimssn
1025 797 1127 852 ergntes,
1146 789 1192 851 uqi

80 836 131 854 em.
167 835 241 853 ecan.
279 832 378 852 ortatus
395 832 434 852 est
451 835 494 852 car
515 846 521 851 .
537 828 558 838 ⁰¹
577 835 592 852 a
652 828 708 852 onti
729 828 766 852 cis
784 836 798 852 e
810 828 950 852 ectionem.
997 828 1042 852 ein
1062 836 1076 852 e
1095 828 1192 860 singui

30 861 35 863 ’
80 874 130 892 em.
152 864 240 891 Patres
261 865 416 890 iuraverunt
437 862 573 889 observare
594 863 796 888 constitutiones
818 863 885 888 circa
908 861 1064 888 electionem
1088 862 1192 888 Summi

29 923 33 928 .
81 901 156 928 Pont.
176 899 284 933 Quibus
303 898 414 934 expletis
433 897 477 925 alii
496 896 603 925 card.¹⁰¹
624 896 658 924 ad
677 899 834 932 respectivas
853 896 932 924 cellas
951 899 1048 928 ierunt,
1069 896 1112 924 alii
1133 907 1193 924 vero

140 938 176 963 tia
197 937 301 971 propria
324 936 466 970 petierunt,
490 943 597 969 vespere
621 932 653 960 ad
676 932 801 960 conclave
825 935 960 960 reversuri.
985 933 1059 960 Hora
1083 935 1118 959 22
1141 943 1192 960 em.

102 978 168 999 atres
184 973 214 998 in
230 970 349 998 conclavi
367 977 517 1006 praesentes
534 972 563 996 in
580 968 681 1004 capella
700 969 802 996 sixtina
821 976 983 1004 exceperunt
1001 968 1107 996 solitum
1127 971 1191 995 iura-

79 1013 200 1034 mentum
223 1016 239 1034 a
260 1008 381 1042 principe
403 1005 496 1033 Chisio
518 1004 681 1032 maresciallo
704 1004 835 1032 conclavis
858 1007 1005 1040 ceterisque
1028 1004 1192 1032 officialibus.

81 1043 154 1070 Hora
175 1043 190 1069 3
211 1044 295 1069 noctis
315 1041 420 1069 clausae
441 1048 504 1068 sunt
524 1048 614 1076 portae
635 1040 774 1068 conclavis.
801 1041 832 1067 16
854 1040 929 1067 Febr.
951 1047 1013 1067 ante
1035 1042 1191 1067 scrutinium

0 1070 1 1086 1
38 1076 43 1078 .
79 1080 241 1106 matutinum
264 1077 371 1105 solitum
393 1080 574 1104 iuramentum
598 1079 785 1112 praestiterunt
806 1075 876 1103 card.
900 1077 1054 1111 Stoppanus
1078 1076 1122 1108 (ΙΙ,
1147 1076 1192 1107 40)

24 1138 26 1140 ,
79 1121 106 1142 et
120 1114 292 1142 Borromaeus
308 1113 367 1145 (ΙΙΙ,
384 1113 439 1145 45),
456 1115 503 1148 qui
520 1112 564 1141 die
579 1111 747 1148 praecedenti
764 1112 910 1139 abfuerunt
927 1123 941 1139 a
958 1112 1053 1139 sacello
1070 1111 1192 1139 Paulino.

79 1150 194 1185 Vespere
219 1148 338 1177 eiusdem
363 1148 416 1176 diei
442 1156 504 1176 ante
529 1150 688 1175 scrutinium
713 1147 888 1175 conclavistae
914 1150 1101 1183 praestiterunt
1127 1150 1191 1174 iura-

78 1192 200 1213 mentum
215 1195 243 1213 se
257 1184 327 1212 nihil
341 1184 398 1212 fore
413 1183 529 1212 dicturos
543 1183 577 1212 de
591 1186 650 1211 visu
665 1183 707 1211 vel
724 1183 818 1211 auditu
835 1183 868 1211 ad
884 1183 1019 1211 Pontificis
1036 1183 1191 1211 electionem

79 1223 222 1257 pem'nens.
245 1221 278 1248 In
299 1231 388 1256 congr.
410 1231 471 1256 gen.
493 1230 573 1247 mane
595 1222 628 1247 21
654 1220 728 1247 Febr.
752 1227 810 1255 post
832 1222 990 1247 scrutinium
1013 1219 1103 1246 habita
1127 1219 1191 1246 lecta

79 1264 118 1285 est
135 1256 244 1293 epistola
263 1256 324 1284 em.¹
347 1257 447 1283 Durini
467 1256 512 1288 (ΙΙ,
533 1256 579 1288 42)
599 1258 731 1292 poscentis
750 1255 975 1291 dispensationem
996 1254 1139 1282 accedendi
1160 1254 1191 1282 ad

79 1291 203 1320 conclave
221 1299 322 1320 attenta
340 1294 397 1319 eius
416 1299 560 1324 senectute;
581 1302 596 1319 a
614 1291 727 1327 prandio
745 1291 864 1319 eiusdem
885 1291 937 1319 diei
957 1299 1015 1326 post
1035 1294 1191 1318 scrutinium

79 1330 210 1364 ingressus
226 1335 265 1355 est
280 1327 350 1355 card.
366 1338 381 1355 a
397 1328 508 1355 Lanceis
525 1328 570 1359 (ΙΙ,
590 1328 644 1359 36).
662 1330 679 1354 2
697 1328 777 1354 Mart.
794 1337 902 1362 vespere
919 1329 1050 1362 ingressus
1068 1334 1106 1354 est
1123 1326 1192 1353 card.

79 1364 229 1391 Paracciani
248 1364 307 1396 (III,
326 1363 381 1395 48).
400 1364 433 1390 In
451 1373 540 1399 congr.
576 1373 619 1390 en.
640 1364 654 1390 3
675 1363 756 1390 Mart.
776 1370 833 1398 post
851 1365 1009 1390 scrutinium
1029 1365 1191 1389 matutinum

79 1399 146 1428 lecta
165 1407 204 1427 est
222 1399 331 1435 epistola
351 1398 421 1426 card.
442 1400 529 1426 Potier
549 1374 582 1427 <fe
603 1399 715 1427 Gesvres
736 1399 781 1431 (11,
803 1399 849 1430 62)
872 1401 1002 1434 poscentis
1023 1397 1190 1433 dispensatio-

79 1448 141 1466 nem
163 1436 306 1465 accedendi
329 1436 363 1464 ad
385 1436 510 1464 conclave
533 1442 632 1463 attenta
655 1437 769 1470 corporis
791 1445 822 1462 ae
855 1434 966 1461 'tudine
992 1435 1004 1461 5
1031 1435 1111 1461 Mart.
1135 1442 1193 1469 post

79 1476 235 1502 scrutinium
258 1475 438 1508 vespertinum
461 1474 594 1507 ingressus
616 1478 654 1499 est
676 1470 746 1498 card.
771 1472 811 1498 Bu
826 1470 890 1498 alini
915 1471 973 1502 (ΙΙΙ,
999 1470 1053 1501 38).
1077 1471 1193 1505 Vespere

83 1511 113 1537 13
136 1510 216 1537 Mart.
238 1516 296 1545 post
317 1510 475 1536 scrutinium
497 1510 629 1543 ingressus
651 1514 689 1534 est
711 1506 781 1534 card.
804 1506 973 1534 Caracciolus
996 1507 1054 1538 (ΙΙΙ,
1078 1506 1134 1537 22).
1161 1507 1190 1533 15

79 1545 159 1573 Mart.
175 1544 239 1572 hora
258 1546 287 1572 ll
306 1555 329 1572 c.
345 1543 456 1571 dimidio
472 1544 584 1571 Romam
602 1545 722 1579 pervenit
738 1542 866 1578 Iosephus
883 1543 907 1569 ΙΙ
925 1545 1074 1578 imperator.
1092 1541 1192 1569 Eodem

79 1580 122 1609 die
142 1587 200 1617 post
218 1583 376 1608 scrutinium
397 1582 577 1615 vespertinum
599 1582 731 1614 ingressus
751 1586 790 1606 est
810 1578 880 1606 card.
902 1578 1047 1605 Malvetius
1069 1578 1114 1610 (ΙΙ,
1137 1578 1192 1609 45).

83 1618 114 1644 16
134 1617 214 1644 Mart.
234 1626 341 1652 vespere
362 1615 467 1651 expleto
486 1617 613 1642 scrutinio
633 1625 684 1642 em.
707 1616 795 1642 Patres
816 1621 988 1650 perrexerunt
1008 1613 1042 1641 ad
1062 1613 1193 1641 conclavis

79 1655 196 1685 ianuam,
217 1662 248 1680 eo
269 1651 342 1688 quod
362 1651 432 1679 card.
454 1650 606 1679 Alexander
627 1650 749 1678 Albanus
771 1650 844 1686 loqui
866 1650 991 1686 cupiebat
1011 1660 1073 1677 cum
1096 1660 1193 1685 magno

79 1687 147 1716 duce
167 1689 317 1720 Hetruriae,
338 1690 386 1721 qui
407 1686 441 1714 ad
460 1687 585 1715 conclave
605 1694 660 1714 erat
681 1697 840 1714 accessurus.
863 1686 964 1713 Habito
984 1688 1075 1721 itaque
1096 1688 1193 1713 nuntio

40 1732 49 1736 “
79 1723 113 1753 de
129 1726 219 1760 magni
236 1723 312 1751 ducis
329 1722 447 1751 adventu
465 1730 554 1759 aperta
572 1730 610 1750 est
628 1730 702 1758 porta
721 1729 747 1750 et
764 1724 793 1749 in
811 1729 955 1757 conspectu
975 1722 1002 1748 S.
1021 1721 1091 1749 Coll.
1110 1723 1193 1756 inopi-

80 1767 141 1788 nate
160 1770 183 1787 c.
204 1758 297 1787 eodem
319 1761 439 1795 principe
459 1761 608 1794 comparuit
628 1758 758 1794 Iosephus
778 1759 803 1785 11
826 1761 975 1793 imperator,
998 1760 1045 1793 qui
1067 1759 1193 1784 invitatus

80 1806 95 1823 a
112 1796 139 1823 S.
157 1795 226 1823 Coll.
244 1797 358 1822 visitavit
375 1794 508 1822 conclave.
526 1794 668 1830 Tempore,
687 1804 742 1830 quo
759 1796 900 1856 imperator
917 1793 1068 1820 morabatur
1086 1796 1115 1820 in
1133 1793 1193 1820 aula

80 1833 157 1867 regia,
180 1833 312 1867 ingressus
335 1838 373 1858 est
395 1830 521 1858 conclave
543 1841 594 1857 ern.
619 1829 733 1866 Spinula
758 1830 816 1861 (11,
840 1830 877 1861 9).
905 1831 936 1856 17
961 1830 1042 1857 Mart.
1065 1829 1131 1856 lecta
1155 1836 1193 1856 est

79 1866 188 1903 epistola
209 1866 279 1894 card.
302 1866 335 1894 de
358 1866 429 1894 Rodt
452 1867 497 1899 (II,
521 1867 567 1898 63)
591 1868 722 1901 poscentis
744 1865 969 1901 dispensationem
993 1864 1136 1892 accedendi
1160 1864 1193 1892 ad

79 1902 203 1930 conclave
220 1910 320 1930 attenta
338 1905 396 1930 eius
414 1913 489 1938 aegra
508 1901 671 1929 valetudine.
690 1901 790 1929 Eodem
810 1901 853 1929 die
872 1901 935 1928 hora
955 1900 1136 1937 pomeridiana
1155 1903 1193 1927 in-

78 1948 180 1974 gressus
194 1946 233 1966 est
247 1949 298 1966 em.
314 1938 416 1965 Priolus
433 1939 491 1970 (III,
508 1938 545 1969 2).
561 1940 596 1965 20
613 1939 693 1965 Mart.
710 1945 768 1973 post
784 1940 941 1964 scrutinium
958 1939 1138 1972 vespertinum
1155 1940 1193 1964 in-

108 1976 157 2001 essi
175 1981 238 2001 sunt
255 1973 325 2002 card.
344 1974 377 2002 de
395 1973 488 2001 Albert
506 1973 539 2001 de
558 1975 665 2010 Luynes
685 1974 730 2006 (11,
750 1974 795 2004 61)
816 1981 842 2001 et
860 1973 1039 2000 Pallavicinus
1058 1973 1116 2005 (ΙΙΙ,
1137 1973 1192 2003 44).

79 1984 194 2046 Vespere
213 2012 245 2037 21
268 2011 348 2037 Mart.
368 2017 427 2046 post
446 2012 603 2037 scrutinium
623 2012 755 2045 ingressus
775 2017 813 2037 est
831 2009 901 2036 card.
922 2008 1051 2036 Sersalius
1072 2009 1116 2041 (II,
1139 2009 1192 2039 54).

80 2047 113 2073 25
139 2046 220 2073 Mart.
244 2053 303 2081 post
326 2048 483 2073 scrutinium
509 2048 654 2073 serotinum
679 2048 811 2081 ingressus
834 2053 873 2073 est
896 2044 965 2072 card.
990 2044 1024 2073 de
1049 2046 1135 2072 Pierre
1160 2044 1192 2072 de

80 2082 171 2109 Remis
197 2082 256 2114 (111,
284 2082 320 2113 3).
349 2083 380 2108 3l
411 2082 491 2109 Mart.
519 2089 578 2117 post
603 2084 761 2108 scrutinium
788 2084 969 2117 vespertinum
997 2084 1128 2116 ingressus
1155 2088 1192 2108 est

79 2116 149 2145 card.
165 2116 198 2145 de
214 2117 365 2145 Comitibus
382 2118 441 2150 (ΙΙΙ,
462 2118 504 2149 19)
522 2120 550 2145 in
568 2116 629 2145 sede
645 2125 745 2145 attenta
762 2120 876 2152 corporis
893 2117 1046 2144 infirmitate
1063 2124 1090 2144 et
1107 2127 1192 2143 senec-

81 2159 144 2180 tute.
168 2153 284 2189 Vespere
309 2154 322 2180 5
347 2153 413 2188 Apr.
437 2160 495 2188 post
518 2155 675 2180 scrutinium
700 2155 808 2188 ingressi
833 2160 896 2180 sunt
919 2152 989 2179 card.
1014 2151 1193 2179 Guidobonus

81 2188 260 2216 Cavalchinus
284 2189 329 2221 (II,
352 2189 379 2220 4)
403 2188 496 2216 decan.
519 2197 545 2216 et
568 2188 675 2216 Molino
698 2189 756 2220 (III,
782 2189 826 2220 32)
850 2200 865 2216 e
888 2209 892 2215 .
917 2189 1041 2220 Brixien„
1064 2191 1108 2215 cui
1131 2198 1192 2215 cum

79 2227 232 2260 sequestrati
253 2232 340 2252 essent
361 2235 376 2252 a
398 2224 533 2260 republica
555 2226 658 2252 Veneta
681 2224 799 2252 redditus
821 2199 953 2256 ecciesiae,
977 2223 1047 2251 idern
1071 2226 1192 2259 privatim

80 2260 191 2287 Romam
215 2263 321 2287 accessit
344 2263 373 2287 in
395 2271 474 2288 curru
498 2260 595 2288 clauso.
621 2262 636 2288 7
661 2261 725 2296 Apr.
749 2268 807 2296 post
830 2263 988 2287 scrutinium
1012 2262 1191 2295 vespertinum

80 2297 211 2331 ingressus
231 2303 270 2323 est
289 2295 359 2323 card.
382 2296 544 2324 Branciforte
566 2297 625 2329 (ΙΙΙ,
648 2297 703 2328 43).
725 2299 741 2324 9
764 2297 828 2332 Apr.
851 2296 917 2324 lecta
939 2304 977 2324 est
998 2296 1107 2331 epistola
1129 2296 1190 2323 em.¹

80 2330 113 2359 de
133 2331 268 2359 Saldanha
289 2331 322 2359 da
343 2332 430 2359 Gal-na
452 2333 496 2364 (ΙΙ,
518 2333 573 2364 64),
596 2335 624 2359 in
645 2343 698 2368 qua
719 2335 825 2360 veniam
847 2332 971 2368 poscebat
991 2334 1103 2359 minime
1124 2342 1193 2359 acce-

80 2366 161 2395 dendi
177 2367 210 2395 ad
225 2367 358 2395 conclave.
379 2369 408 2395 15
427 2368 491 2404 Apr.
508 2376 567 2404 post
583 2370 741 2395 scrutinium
758 2371 903 2395 serotinum
920 2370 1053 2404 ingressus
1069 2375 1107 2395 est
1124 2367 1193 2395 card.

81 2404 287 2432 Puteobonellus
310 2405 354 2437 (II,
382 2406 434 2437 11).
457 2407 492 2432 27
515 2406 580 2441 Apr.
603 2406 667 2433 hora
689 2405 871 2441 pomeridiana
894 2413 952 2441 post
975 2408 1132 2432 scrutinium
1156 2407 1193 2432 in-

80 2451 181 2478 gressus
196 2450 235 2470 est
249 2442 319 2470 card.
336 2442 369 2470 de
385 2442 511 2470 Corduba
528 2443 642 2479 Spinula
658 2442 692 2471 de
707 2443 731 2470 la
749 2442 836 2471 Cerda
854 2444 912 2475 (III,
930 2443 985 2474 26).
1004 2444 1038 2470 30
1054 2443 1119 2478 Apr.
1136 2450 1193 2478 post

80 2482 236 2507 scrutinium
255 2483 400 2508 serotinum
418 2483 550 2516 ingressus
568 2488 607 2509 est
624 2480 694 2508 card.
713 2481 746 2509 de
766 2481 834 2508 Solis
852 2480 933 2508 Folch
951 2480 985 2508 de
1004 2480 1128 2508 Cardona
1148 2481 1192 2512 (ΙΙ,

82 2516 135 2548 59).
156 2517 173 2543 6
194 2517 262 2544 Maii
283 2525 341 2553 post
362 2520 519 2545 scrutinium
541 2520 705 2545 matutinum
727 2521 808 2546 exivit
828 2529 843 2546 e
864 2518 983 2545 conclavi
1005 2517 1074 2545 card.
1097 2518 1194 2545 Lantes

81 2553 126 2586 (II,
150 2554 176 2586 7)
200 2554 375 2587 subdecanus,
399 2558 447 2591 qui
469 2554 547 2583 rediit
569 2558 597 2583 in
619 2555 744 2583 conclave
771 2558 802 2582 19
827 2556 895 2583 Maii
918 2566 997 2582 mane
1020 2563 1082 2582 ante
1105 2557 1193 2582 scruti-

80 2593 165 2618 nium.
185 2593 201 2619 9
222 2592 290 2619 Maii
310 2599 428 2628 tempore
447 2596 567 2620 scrutinii
587 2596 729 2629 vespertini
749 2593 819 2621 card.
841 2593 874 2621 de
894 2593 1046 2621 Comitibus
1067 2593 1125 2625 (III,
1150 2593 1192 2624 19)

80 2630 115 2656 ita
132 2629 323 2662 infirmabatur,
341 2638 371 2657 ut
387 2630 514 2658 inhabilis
530 2639 597 2659 esset
614 2630 696 2658 dandi
714 2631 871 2667 suffragium
890 2641 978 2658 suum.
1000 2632 1031 2658 18
1050 2632 1118 2658 Maii
1136 2638 1194 2666 post

80 2669 237 2694 scrutinium
260 2670 440 2703 vespertinum
464 2668 528 2696 hora
553 2672 637 2704 prima
662 2672 745 2696 noctis
769 2680 820 2696 em.
846 2670 934 2696 Patres
957 2676 1141 2696 convenerunt
1166 2671 1194 2695 in

80 2708 237 2732 sententiam
259 2704 375 2741 eligendi
396 2715 488 2732 omnes
509 2707 632 2732 unanimi
654 2715 785 2732 consensu
807 2707 836 2732 in
858 2706 1001 2732 Summum
1025 2706 1100 2731 Pont.
1123 2704 1193 2731 card.

81 2742 253 2770 Laurentium
276 2742 446 2778 Ganganelli‚
468 2745 524 2779 qui,
547 2753 609 2770 cum
632 2745 661 2770 in
683 2753 730 2770 sua
753 2750 958 2770 commoraretur
979 2742 1053 2774 cella,
1077 2741 1143 2769 vidit
1165 2745 1192 2769 in

81 2789 155 2807 suam
171 2779 274 2815 ingredi
290 2779 383 2807 cellam
401 2787 486 2807 totum
503 2781 530 2807 S.
549 2780 618 2807 Coll.
635 2782 747 2815 cupiens
763 2791 837 2807 suam
855 2780 965 2807 osculari
983 2790 1103 2811 manum,
1121 2779 1193 2814 quod

81 2815 167 2844 facere
187 2820 324 2844 recusavit.
349 2819 380 2844 19
402 2818 470 2845 Maii
495 2818 563 2844 1769
584 2825 643 2853 post
664 2827 767 2845 menses
790 2819 804 2844 3
826 2824 852 2844 et
874 2817 929 2844 dies
951 2819 967 2843 4
989 2816 1120 2844 conclavis
1141 2827 1192 2844 em.

81 2854 168 2882 Patres
186 2857 259 2882 iuxta
277 2865 377 2882 morem
396 2857 426 2882 in
443 2854 544 2890 capella
564 2856 667 2882 Sixtina
686 2857 875 2882 convenientes
894 2855 985 2890 ibique
1005 2862 1067 2881 ante
1086 2864 1194 2881 consue-

81 2897 138 2918 tum
154 2894 310 2919 scrutinium
328 2892 441 2928 Spiritus
458 2893 548 2919 Sancti
565 2892 658 2919 lumen
675 2900 701 2920 et
717 2895 826 2927 gratiam
844 2891 1014 2927 implorantes
1032 2894 1193 2918 unanimiter

81 2930 110 2956 in
129 2929 272 2956 Summum
292 2930 369 2956 Pont.
390 2929 527 2965 elegerunt
548 2930 722 2957 Laurentium
743 2929 813 2956 card.
834 2929 1003 2965 Ganganelli,
1026 2936 1054 2955 tt.
1076 2929 1123 2956 SS.
1144 2929 1192 2955 XII

81 2964 275 3000 Apostolorum,
294 2966 500 2999 O.F.M.Conv.,
519 2966 664 2994 oriundum
682 2969 731 2994 civ.
751 2968 778 2994 S.
796 2966 894 3002 Angeli
912 2966 992 3002 vulgo
1009 2969 1038 2993 in
1056 2965 1132 2993 Vado
1151 2976 1194 2992 na-

82 3008 193 3038 tumque
212 3005 242 3030 in
261 3003 360 3038 oppido
380 3004 407 3031 S.
428 3003 589 3039 Archangeli
613 3004 859 3039 [Sant'Arcangelo]
882 3003 965 3031 dioec.
986 3004 1136 3030 Ariminen.
1160 3004 1190 3029 31

82 3039 142 3066 Oct.
165 3041 242 3067 1705.
262 3040 426 3076 Suffragiusn
446 3051 525 3068 suum
545 3040 619 3068 dedit
637 3045 701 3068 em.‘'
722 3042 878 3073 Rezzonico‚
899 3051 930 3068 eo
949 3039 1021 3076 quod
1041 3047 1107 3067 esset
1127 3050 1194 3067 crea-

83 3082 140 3103 tura
163 3076 310 3104 Clementis
333 3078 384 3104 PP.
408 3078 480 3105 XIII.
504 3077 584 3105 Card.
608 3078 769 3114 Ganganelli
793 3078 863 3105 solus
887 3085 941 3105 erat
964 3081 994 3104 in
1017 3078 1045 3105 S.
1069 3076 1138 3105 Coll.
1162 3087 1194 3104 ex

82 3112 173 3141 ordine
195 3114 364 3148 regularium.
389 3115 492 3142 Functo
515 3117 568 3143 ritu
589 3123 717 3143 consueto
740 3115 888 3151 postulatus
912 3114 1063 3142 neoelectus
1086 3125 1101 3141 a
1124 3113 1193 3142 card.

1255 573 1418 601 Guidobono
1440 574 1605 602 Cavalchino
1627 576 1654 602 S.
1676 574 1745 602 Coll.
1767 574 1875 607 decano,
1898 583 1988 603 utrum
2010 576 2183 604 Pontificatus
2204 579 2305 612 apicem
2327 587 2366 604 ac-

1255 618 1378 645 ceptaret,
1401 613 1422 637 is
1443 610 1584 637 uniformis
1606 610 1736 637 voluntati
1759 612 1811 638 Dei
1833 611 1918 639 factus
1941 622 2060 639 assensus
2082 620 2120 639 est
2142 613 2245 648 sibique
2267 623 2366 640 nomen

1255 645 1403 673 Clementis
1422 647 1484 673 XIV
1504 649 1638 682 imposuit.
1660 646 1774 673 Indutus
1794 647 1990 682 pontificalibus
2010 647 2174 675 indumentis
2194 651 2223 675 in
2243 648 2305 676 sella
2325 659 2366 684 ge-

1255 684 1359 709 statoria
1387 681 1481 709 sedens
1508 684 1620 717 primam
1648 682 1843 709 oboedientiam
1871 682 1998 710 card.¹¹¹¹“¹
2027 686 2135 719 accepit.
2164 683 2243 712 Card.
2272 684 2365 712 S.R.E.

1254 720 1412 780 ‹Smerariqs
1438 720 1559 780 pragstitia
1584 717 1751 780 ogoedientia
1776 718 1888 745 anulum
1914 721 2047 781 pil'scatoris
2071 722 2106 782 2¹1
2125 719 2208 782 digictlo
2231 722 2270 783 irR
2280 723 2365 783 bsuit.

1284 764 1329 780 um
1353 764 1442 780 auem
1466 764 1482 780 o
1501 764 1532 780 oe
1552 764 1597 780 ren
1620 764 1650 781 ae
1673 764 1702 781 ac
1715 764 1741 781 10
1782 764 1837 781 rose
1858 765 1920 781 uere
1952 765 1971 786 r,
1996 765 2047 782 em.
2107 766 2175 782 exan

1255 791 1324 824 prior
1342 791 1370 816 in
1388 789 1480 817 ordine
1498 788 1633 821 diac.⁰‘⁰¹¹²,
1651 792 1734 825 petito
1752 765 1880 825 pleunislsu
1899 801 1913 817 a
1932 791 1997 822 S.S.,
2017 790 2050 818 ad
2068 766 2366 827 magnumersupraagdi5

1255 827 1337 851 ticum
1355 825 1408 851 bas.
1428 826 1571 852 Vaticanae
1643 828 1700 852 ium
1717 836 1744 853 se
1761 825 1875 853 contulit
1891 833 1917 853 et
1934 827 2039 853 Summi
2058 827 2192 854 Pontificis
2210 827 2366 854 electionem

1255 863 1445 895 pronuntiavit.
1465 861 1490 888 A
1510 872 1576 896 pran
1598 864 1622 888 ‘o
1641 861 1704 888 hora
1724 864 1825 889 circiter
1845 864 1876 888 21
1899 865 1928 889 in
1947 862 2048 898 capella
2068 863 2171 890 Sixtina
2191 863 2224 890 ab
2243 866 2366 890 universo

1256 896 1283 923 S.
1300 896 1369 923 Coll.
1387 907 1433 932 pro
1449 896 1566 924 secunda
1581 899 1639 924 vice
1654 900 1776 932 praestita
1793 905 1831 924 est
1847 897 2022 925 oboedientia.
2039 898 2106 926 Inde
2122 899 2194 934 Papa
2210 898 2271 926 sede
2286 906 2366 934 gesta-

1255 934 1319 958 toria
1336 935 1496 967 compositus
1513 935 1708 960 concomitante
1725 940 1823 959 cuncto
1840 934 1867 960 S.
1886 933 1955 960 Coll.
1974 944 2019 968 per
2036 934 2131 961 scalam
2149 936 2247 969 regiam
2265 937 2294 961 in
2311 934 2365 961 bas.

1255 968 1411 994 Vaticanam
1433 967 1578 995 descendit.
1600 968 1672 995 Ante
1694 968 1774 996 altare
1796 969 1854 996 S.¹¹¹¹
1879 969 2042 996 sacramenti
2064 979 2152 1004 preces
2174 972 2268 996 emisit.
2291 969 2366 996 Inde-

1254 1014 1307 1038 que
1326 1002 1398 1039 apud
1417 1003 1496 1031 altare
1516 1003 1610 1039 papale
1628 1003 1734 1031 card.¹²⁵
1754 1015 1801 1040 pro
1821 1007 1895 1031 tertia
1913 1007 1970 1032 vice
1989 1004 2022 1032 ad
2041 1005 2235 1032 oboedientiam
2255 1008 2365 1041 excepit.

1255 1038 1366 1074 Expleto
1385 1039 1487 1075 hymno
1508 1040 1564 1067 «Te
1584 1041 1689 1067 Deum»
1712 1041 1784 1076 Papa
1803 1043 1876 1067 iuxta
1895 1040 2002 1067 solitum
2022 1041 2200 1076 pontificalem
2220 1043 2300 1068 ritum
2320 1044 2366 1068 im-

1253 1085 1346 1102 menso
1372 1075 1472 1110 populo
1498 1083 1578 1102 totam
1604 1076 1658 1103 bas.
1685 1075 1842 1111 adimplenti
1868 1079 1979 1111 primam
2006 1076 2140 1112 publicam
2167 1077 2366 1112 solemnemque

1254 1118 1336 1145 apost.
1355 1110 1569 1138 benedictionem
1589 1114 1733 1147 impertivit
1753 1112 1803 1144 (Ex
1822 1111 1910 1139 diariis
1929 1113 2036 1139 Ioannis
2056 1113 2132 1148 Bapt.
2152 1113 2293 1140 Valeriano
2312 1123 2366 1139 cae-

1254 1149 1432 1173 remoniarum
1450 1154 1533 1182 apost.
1551 1150 1582 1174 in
1598 1150 1656 1183 ipso
1673 1147 1791 1175 conclavi
1808 1158 1852 1174 ma
1873 1169 1887 1179 .,
1906 1148 1986 1175 Arch.
2006 1149 2083 1176 Caer.
2103 1150 2137 1176 88
2155 1159 2182 1183 p.
2201 1149 2310 1180 63-342;
2329 1150 2365 1175 90

1254 1192 1280 1217 p.
1311 1183 1446 1213 141-231).
1474 1182 1591 1210 Card.¹‘’⁸
1619 1191 1768 1218 praesentes
1794 1186 1823 1210 in
1870 1194 1899 1211 oc
1926 1183 2044 1211 conclavi
2071 1183 2183 1211 fuerunt
2208 1191 2360 1219 sequentes:

1254 1217 1307 1252 ep.‘
1331 1217 1511 1245 Guidobonus
1533 1218 1714 1246 Cavalchinus
1738 1220 1782 1251 (II,
1806 1219 1843 1251 4),
1867 1220 1963 1247 Lantes
1987 1220 2032 1252 (ΙΙ,
2057 1220 2092 1252 7),
2117 1220 2229 1247 Ioannes
2252 1219 2365 1247 Francis-

1254 1266 1300 1283 cus
1323 1255 1445 1283 Albanus
1470 1256 1514 1287 (II,
1541 1256 1594 1287 34),
1619 1255 1675 1282 dux
1698 1255 1869 1282 Eboracensis
1894 1256 1938 1287 (II,
1965 1256 2018 1286 37),
2044 1255 2214 1282 Serbellonus
2240 1256 2284 1287 (II,
2311 1255 2364 1287 39),

1254 1292 1300 1318 Sto
1321 1302 1407 1327 panus
1430 1292 1475 1323 (ΙΙ,
1499 1292 1554 1323 40);
1578 1291 1661 1327 pbr.‘:
1690 1290 1898 1318 Puteobonellus
1921 1291 1966 1322 (ΙΙ,
1994 1291 2045 1322 11),
2069 1301 2083 1318 a
2107 1291 2217 1317 Lanceis
2240 1291 2285 1322 (ΙΙ,
2310 1291 2364 1322 36),

1254 1302 1399 1354 h'laIvctius
1416 1328 1460 1359 (Il,
1478 1327 1532 1358 45),
1550 1326 1678 1354 Sersalius
1695 1327 1739 1359 (ΙΙ,
1758 1327 1811 1359 54),
1828 1326 1861 1354 de
1877 1326 1944 1354 Solis
1962 1326 2041 1353 Folch
2058 1326 2090 1354 de
2107 1326 2230 1354 Cardona
2248 1327 2292 1358 (II,
2311 1327 2364 1357 59),

1254 1363 1286 1390 de
1307 1363 1400 1390 Albert
1420 1362 1452 1390 de
1473 1364 1580 1398 Luynes
1602 1364 1646 1394 (ΙΙ,
1668 1363 1723 1394 61),
1746 1363 1908 1390 Rezzonicus
1930 1363 1988 1394 (III,
2014 1363 2047 1394 1),
2069 1362 2171 1390 Priolus
2193 1363 2251 1395 (III,
2273 1362 2310 1394 2),
2331 1361 2364 1389 de

1254 1399 1354 1426 Rubeis
1372 1399 1430 1431 (III,
1449 1399 1485 1430 4),
1505 1399 1618 1434 Spinula
1637 1399 1695 1431 (ΙΙΙ,
1714 1399 1750 1430 9),
1770 1398 1911 1426 Castellius
1930 1399 1988 1430 (ΙΙΙ,
2010 1399 2061 1430 13),
2081 1398 2287 1434 Elephantutius
2306 1398 2364 1430 (ΙΙΙ,

1258 1435 1309 1466 15),
1332 1434 1479 1470 Guglielmi
1501 1435 1559 1467 (III,
1585 1435 1636 1466 17),
1659 1434 1692 1462 de
1713 1435 1864 1462 Comitibus
1887 1435 1944 1466 (III,
1971 1435 2022 1466 19),
2045 1434 2205 1470 Ganganelli
2228 1435 2286 1466 (ΙΙΙ,
2309 1434 2363 1465 21),

1254 1470 1389 1498 Columna
1410 1471 1468 1502 (ΙΙΙ,
1489 1471 1544 1503 24),
1565 1470 1598 1498 de
1619 1470 1744 1498 Corduba
1765 1470 1878 1506 Spinula
1898 1470 1931 1498 de
1952 1470 1975 1497 la
1996 1470 2082 1498 Cerda
2104 1471 2161 1502 (III,
2183 1470 2237 1501 26),
2260 1470 2365 1497 Molino

1255 1507 1313 1538 (ΙΙΙ,
1333 1507 1386 1538 32),
1405 1508 1596 1534 Bonaccursius
1615 1507 1672 1538 (Ill,
1692 1507 1746 1538 36),
1765 1506 1884 1533 Bufalini
1903 1507 1961 1538 (ΙΙΙ,
1980 1507 2034 1538 38),
2053 1506 2147 1533 Boschi
2165 1507 2223 1538 (ΙΙΙ,
2243 1506 2297 1538 39),
2315 1507 2365 1533 Ca-

1254 1542 1301 1569 lini
1325 1543 1383 1574 (III,
1407 1542 1462 1574 40),
1486 1542 1649 1570 Branciforte
1672 1543 1730 1574 (ΙΙΙ,
1754 1542 1809 1574 43),
1833 1542 2010 1569 Pallavicinus
2033 1542 2091 1574 (ΙΙΙ,
2115 1542 2169 1573 44),
2194 1542 2365 1568 Borromaeus

1255 1578 1312 1610 (ΙΙΙ,
1338 1578 1393 1609 45),
1418 1579 1481 1605 Pam
1504 1578 1584 1605 hilius
1610 1579 1667 1610 (ΙΙΙ,
1693 1578 1747 1610 46),
1773 1579 1923 1605 Paracciani
1949 1578 2006 1609 (III,
2032 1578 2087 1609 48),
2112 1577 2200 1605 Pirelli
2225 1578 2283 1609 (ΙΙΙ,
2308 1577 2363 1609 49);

1253 1613 1346 1640 diaes:
1370 1589 1522 1641 Alexander
1539 1614 1662 1641 Albanus
1682 1613 1848 1646 (Hierarchia
1868 1615 1900 1646 V,
1921 1613 2015 1641 S.R.E.
2034 1613 2104 1641 card.
2124 1614 2183 1645 VII,
2205 1613 2240 1645 3),
2260 1614 2365 1640 Nereus

1254 1650 1340 1677 Maria
1363 1650 1491 1677 Corsinus
1514 1651 1545 1681 (I,
1571 1650 1605 1682 5),
1630 1651 1745 1677 Ursinus
1768 1650 1813 1681 (II,
1836 1650 1891 1681 24),
1914 1649 2023 1677 Chisius
2047 1650 2091 1681 (ΙΙ,
2116 1649 2169 1681 50),
2192 1649 2364 1684 Torrigianus

1255 1686 1300 1717 (ΙΙ,
1324 1686 1377 1717 53),
1400 1685 1433 1713 de
1455 1687 1542 1713 Pierre
1563 1685 1596 1713 de
1619 1687 1710 1713 Bernis
1733 1686 1791 1717 (III,
1815 1686 1850 1717 3),
1874 1685 2041 1713 Caracciolus
2065 1686 2123 1717 (ΙΙΙ,
2146 1685 2201 1716 22),
2225 1685 2364 1712 Perrellius

1255 1722 1313 1753 (III,
1336 1722 1390 1753 23),
1412 1721 1532 1749 Andreas
1554 1722 1682 1749 Corsinus
1704 1722 1762 1753 (ΙΙΙ,
1785 1722 1840 1753 25),
1863 1722 2000 1757 Nigronus
2023 1721 2081 1753 (III,
2105 1721 2158 1752 37),
2181 1720 2283 1748 Canale
2306 1721 2363 1752 (ΙΙΙ,

1255 1757 1308 1789 51),
1330 1758 1455 1784 Veterani
1476 1758 1534 1789 (III,
1557 1757 1610 1788 52).
1631 1756 1747 1784 Card.¹‘¹
1769 1760 1879 1784 minime
1899 1764 2048 1792 praesentes
2068 1759 2097 1784 in
2116 1756 2235 1784 conclavi
2255 1756 2365 1783 fuerunt

1254 1801 1395 1856 {eflsfisffss
1402 1793 1542 1856 ·d.0<‘2³‘.³.¹;³.
1556 1794 1604 1861 ffi’,
1621 1793 1814 1861 &afisssffsdi
1831 1794 1875 1861 ἓξὲξ
1893 1794 1954 1860 ἒέῗ
1966 1792 2229 1856 ὣῖ..ῗοὲἒ“ἒὲ..(ἷέξ
2246 1791 2366 1860 (ῗῗ,)’6ἒ)ῗ

1254 1864 1287 1892 de
1304 1865 1433 1892 Choiseul
1450 1864 1483 1892 de
1500 1866 1620 1900 Beaupre
1638 1866 1696 1897 (III,
1714 1865 1769 1897 28),
1787 1864 1820 1893 de
1838 1866 1965 1900 Migazzis
1983 1865 2041 1897 (III,
2059 1865 2114 1896 27),
2132 1864 2165 1892 de
2182 1864 2278 1891 Rohan
2295 1864 2365 1891 Gue'-

1254 1902 1349 1928 menee
1367 1901 1425 1932 (ΙΙΙ,
1445 1901 1499 1933 33),
1518 1900 1552 1928 de
1570 1902 1676 1928 Hutten
1695 1904 1723 1928 in
1742 1900 1914 1936 Stolzenberg
1933 1901 1991 1933 (ΙΙΙ,
2012 1900 2066 1932 30),
2085 1899 2287 1927 Rochechouart
2306 1899 2364 1931 (111,

1255 1936 1300 1967 29)
1319 1936 1411 1968 (Arch.
1429 1937 1506 1964 Caer.
1524 1938 1558 1963 93
1576 1936 1596 1963 f.
1614 1939 1649 1963 40
1666 1937 1719 1967 ss.).

1328 1975 1346 2005 ³)
1369 1975 1510 2001 Dominica
1526 1975 1560 2000 28
1577 1974 1645 2000 Maii
1664 1973 1732 1999 1769
1748 1973 1820 1999 S.¹'¹'¹¹
1837 1972 1912 1999 DN.
1928 1975 1957 1999 in
1971 1972 2025 1998 bas.
2041 1972 2169 1998 Vaticana
2185 1971 2217 1997 ab
2233 1981 2283 1998 ern.
2300 1971 2366 1997 Lan-

1255 2018 1280 2038 te
1295 2021 1336 2045 ep.
1352 2011 1477 2037 Portuen.
1493 2017 1519 2037 et
1534 2010 1561 2036 S.
1577 2009 1692 2036 Rufinae
1707 2007 1876 2040 sub-decano,
1893 2007 2073 2035 assistentibus
2087 2006 2157 2034 card.
2173 2007 2273 2034 Ioanne
2289 2006 2366 2033 Fran-

1254 2049 1323 2073 cisco
1344 2045 1451 2072 Albano
1473 2056 1515 2080 ep.
1539 2045 1667 2072 Sabinen.
1690 2051 1716 2071 et
1739 2043 1806 2071 duce
1830 2044 1974 2070 Eboracen.
1999 2054 2040 2078 ep.
2064 2042 2211 2069 Tusculan.
2235 2051 2365 2068 consecra-

1255 2084 1354 2108 tionem
1371 2081 1474 2116 epalem
1491 2083 1592 2116 accepit
1608 2080 1699 2111 (Arch.
1717 2080 1793 2107 Caer.
1810 2080 1862 2106 625
1881 2082 1937 2106 sine
1954 2079 1982 2109 f.;
1999 2080 2035 2105 90
2052 2089 2077 2113 p.
2095 2079 2222 2108 236359,
2239 2078 2290 2103 625
2309 2079 2365 2103 sine

1254 2117 1295 2148 f.).
1316 2118 1458 2144 Dominica
1478 2119 1495 2143 4
1514 2117 1575 2143 Iun.
1600 2117 1676 2147 1769,
1697 2115 1877 2142 assistentibus
1898 2117 1932 2141 44
1952 2113 2030 2146 card.,
2052 2117 2080 2142 in
2101 2113 2170 2140 lodia
2189 2113 2243 2140 bas.
2264 2113 2366 2139 Vatica-

1254 2164 1305 2180 nae
1323 2164 1337 2180 a
1355 2152 1425 2180 card.
1444 2152 1597 2180 Alexandro
1614 2151 1721 2179 Albano
1739 2154 1824 2187 primo
1842 2150 1908 2178 diac.
1928 2150 2011 2177 thiara
2030 2149 2164 2185 pontificia
2184 2148 2294 2176 solemni
2313 2150 2365 2175 ritu

1254 2196 1393 2216 coronatus
1412 2195 1451 2216 est
1470 2188 1561 2220 (Arch.
1581 2189 1657 2215 Caer.
1676 2189 1712 2214 90
1730 2198 1756 2222 p.
1776 2188 1902 2218 260-292;
1921 2188 1973 2213 625
1995 2189 2050 2213 sine
2069 2186 2110 2217 f.).

1328 2225 1346 2256 ⁴)
1372 2226 1403 2251 17
1420 2225 1492 2260 Sept.
1512 2226 1581 2251 1774
1597 2223 1723 2251 Clemens
1738 2224 1789 2250 PP.
1805 2223 1868 2249 XIV
1882 2225 1911 2250 in
1926 2221 1988 2249 villa
2003 2221 2163 2248 marchionis
2179 2222 2279 2248 Patritii
2295 2227 2365 2247 extra

1255 2268 1355 2296 portam
1378 2261 1460 2291 Piam,
1482 2260 1529 2287 ubi
1550 2262 1632 2287 animi
1654 2258 1787 2286 recreandi
1809 2269 1887 2285 causa
1909 2269 1935 2285 se
1956 2257 2110 2289 contulerat,
2133 2266 2271 2292 oppressus
2292 2263 2330 2283 est
2351 2266 2365 2282 a

1255 2299 1335 2331 signis
1355 2296 1494 2323 febrilibus
1514 2303 1539 2323 et
1559 2295 1622 2323 inde
1642 2295 1702 2322 sede
1722 2294 1825 2322 delatus
1844 2302 1883 2322 est
1903 2293 1935 2321 ad
1955 2304 2070 2325 currum,
2091 2303 2146 2328 quo
2165 2299 2255 2319 vectus
2275 2299 2313 2319 est
2332 2290 2365 2318 ad

1255 2332 1396 2365 Quirinale
1417 2331 1471 2358 Pal.
1494 2331 1582 2358 Febris
1603 2334 1637 2358 ita
1659 2330 1753 2358 diebus
1773 2330 1946 2366 sequentibus
1967 2332 2054 2361 crevit,
2076 2336 2107 2356 ut
2127 2328 2170 2356 die
2191 2330 2225 2355 20
2247 2327 2364 2355 eiusdem

1255 2372 1352 2396 mensis
1377 2369 1440 2396 hora
1465 2371 1482 2395 4
1507 2371 1591 2396 noctis
1617 2369 1697 2395 S.¹¹¹um
1724 2369 1858 2395 Viaticum
1884 2370 2015 2402 exciperet
2039 2374 2065 2394 et
2090 2366 2151 2393 fidei
2176 2365 2364 2401 professionem

1254 2410 1384 2434 emitteret
1409 2407 1500 2442 (quam
1525 2406 1588 2442 legit
1611 2405 1694 2441 praef.
1719 2405 1773 2432 Pal.
1797 2406 1899 2440 Apost.,
1924 2404 1969 2431 sed
1992 2404 2116 2431 Pontifex
2139 2403 2246 2430 defectu
2269 2405 2365 2429 virium

1255 2444 1417 2471 subscribere
1435 2446 1548 2471 minime
1565 2443 1669 2475 valuit).
1689 2445 1721 2470 21
1744 2443 1816 2478 Sept.
1837 2453 1883 2477 per
1901 2452 1997 2469 manus
2017 2444 2136 2468 sacristae
2156 2448 2298 2468 extremam
2318 2450 2366 2467 un-

1254 2484 1368 2508 ctionem
1393 2483 1503 2516 excepit,
1527 2491 1580 2516 qua
1604 2480 1708 2515 expleta
1731 2479 1866 2515 generales
1889 2478 2013 2506 ordinum
2038 2477 2249 2505 mendicantium
2273 2479 2366 2511 imper-

1255 2521 1354 2546 tierunt
1369 2518 1592 2546 benedictionem.
1609 2520 1645 2544 22
1662 2518 1734 2553 Sept.
1755 2518 1824 2544 1774
1841 2516 1904 2543 hora
1924 2517 1991 2547 13ss
2010 2516 2067 2543 S.S.
2084 2514 2259 2551 placidissime
2276 2513 2366 2541 obdor-

1255 2558 1330 2582 mivit
1350 2566 1392 2582 an.
1412 2565 1492 2591 agens
1511 2556 1554 2587 68,
1575 2566 1611 2581 m.
1634 2557 1674 2586 10,
1694 2554 1720 2581 d.
1740 2556 1783 2585 22,
1803 2562 1830 2581 et
1848 2553 2017 2589 pontificatus
2036 2563 2079 2580 an.
2101 2554 2124 2584 5,
2144 2563 2180 2579 m.
2201 2554 2225 2584 4,
2246 2551 2271 2578 d.
2293 2552 2317 2583 3,
2336 2553 2365 2578 in

1254 2593 1352 2628 quibus
1369 2595 1465 2620 creavit
1486 2594 1516 2619 17
1534 2592 1628 2619 S.R.E.
1646 2591 1715 2619 card.
1732 2599 1758 2619 et
1778 2593 1807 2618 15
1826 2591 1933 2626 reliquit
1949 2590 2018 2618 card.
2036 2590 2188 2617 deficientes
2204 2591 2234 2616 in
2251 2589 2278 2616 S.
2296 2587 2365 2615 Coll.

1255 2630 1288 2657 ad
1305 2633 1362 2657 eius
1379 2632 1611 2665 septuagenarium
1629 2639 1772 2656 numerum
1790 2627 1989 2664 complendum,
2008 2627 2069 2655 licet
2090 2629 2118 2654 ll
2140 2637 2172 2654 ex
2188 2626 2240 2653 illis
2257 2632 2366 2653 creasset

1255 2675 1280 2694 et
1298 2670 1326 2694 in
1344 2675 1447 2703 pectore
1464 2674 1617 2694 reservasset
1633 2669 1663 2693 in
1679 2669 1784 2693 consist.
1803 2673 1901 2693 secreto
1918 2666 1953 2692 26
1971 2665 2036 2701 Apr.
2057 2666 2134 2696 1773,
2153 2663 2199 2691 sed
2216 2673 2364 2698 numquam

1255 2705 1414 2740 publicasset
1435 2705 1497 2736 (AC
1518 2705 1552 2731 38
1573 2704 1593 2731 f.
1615 2705 1667 2736 48‘;
1689 2705 1770 2731 Cons.
1796 2705 1864 2730 1774
1886 2702 2011 2730 ultimum
2033 2702 2073 2734 f.).
2096 2702 2169 2729 Hora
2191 2703 2226 2728 22
2247 2699 2365 2728 eiusdem

1254 2742 1307 2769 diei
1332 2744 1367 2768 22
1393 2743 1466 2777 Sept.
1496 2743 1564 2768 1774
1589 2740 1658 2768 card.
1685 2742 1848 2768 Rezzonicus
1873 2740 1967 2768 S.R.E.
1992 2750 2086 2767 camer.
2112 2739 2245 2775 profectus
2270 2745 2308 2765 est
2333 2737 2366 2764 ad

1255 2779 1310 2806 Pal.
1331 2780 1423 2814 Apost.
1444 2778 1585 2812 Quirinale
1606 2778 1640 2805 ad
1660 2777 2027 2814 recognitionemlcadaveris,
2048 2788 2101 2813 qua
2121 2779 2257 2804 occasione
2277 2786 2292 2803 a
2312 2776 2366 2802 Cu-

1254 2816 1336 2843 biculi
1354 2816 1436 2852 praef.
1454 2819 1555 2851 accepit
1571 2815 1684 2843 anulum
1702 2818 1843 2851 piscatoris.
1862 2817 1895 2842 23
1915 2816 1987 2850 Sept.
2006 2822 2125 2850 apertum
2143 2821 2182 2841 est
2198 2813 2315 2845 cadaver,
2334 2823 2366 2840 ex

1254 2866 1309 2891 quo
1327 2861 1491 2890 compertum
1511 2860 1549 2880 est
1567 2853 1689 2879 morbum
1708 2851 1789 2887 vulgo
1807 2851 1928 2878 scorbuto
1946 2853 1998 2877 iarn
2018 2853 2193 2877 inveteratum
2212 2852 2242 2876 in
2260 2858 2365 2884 corpore

1254 2894 1385 2928 peperisse
1410 2891 1651 2918 inflammationem
1676 2892 1705 2916 in
1729 2896 1820 2916 ventre
1844 2888 1946 2920 infimo,
1970 2898 2039 2923 quae
2064 2894 2174 2914 mortem
2199 2889 2223 2913 ei
2248 2885 2364 2921 protulit,

1254 2929 1360 2956 cerebro
1384 2936 1409 2956 et
1433 2928 1575 2955 visceribus
1599 2929 1713 2954 intactis.
1738 2927 1843 2961 Corpus
1867 2925 1984 2953 balsamo
2008 2925 2107 2952 illitum
2131 2924 2249 2952 delatum
2274 2930 2313 2951 est
2336 2926 2366 2950 in

1255 2966 1343 2993 aulam
1368 2966 1476 2992 B.M.V.
1500 2967 1535 2991 24
1559 2965 1632 2999 Sept.
1656 2963 1719 2990 hora
1743 2965 1826 2990 noctis
1849 2973 1921 2990 more
1944 2962 2020 2989 solito
2042 2961 2152 2988 cadaver
2175 2960 2309 2988 Pontificis
2332 2958 2365 2986 ad

1255 3003 1310 3030 Pal.
1333 3003 1425 3038 Apost.
1448 3003 1609 3029 Vaticanum
1631 3003 1660 3028 in
1683 2999 1811 3036 capellam
1834 3000 1965 3027 sixtinam
1988 2998 2143 3026 translatum
2166 3005 2192 3025 et
2213 2997 2365 3025 immediate

1255 3043 1283 3067 in
1304 3050 1381 3075 capsa
1403 3039 1523 3066 clausum
1545 3046 1591 3065 est.
1614 3039 1647 3064 25
1672 3038 1744 3073 Sept.
1766 3047 1845 3064 mane
1866 3047 1918 3064 em.
1940 3037 2028 3063 Patres
2050 3042 2233 3063 convenerunt
2254 3037 2283 3061 in
2305 3033 2364 3061 aula

1255 3083 1468 3112 paramentorum
1491 3075 1525 3102 ad
1547 3078 1658 3110 primam
1681 3085 1770 3110 congr.
1792 3085 1862 3109 gen.,
1885 3077 1914 3101 in
1936 3084 1990 3109 qua
2012 3073 2109 3100 anulus
2131 3074 2264 3108 piscatoris
2286 3070 2365 3098 modo

1255 3113 1330 3140 solito
1359 3113 1457 3140 fractus
1485 3120 1524 3140 est
1552 3123 1567 3139 a
1594 3115 1680 3148 primo
1707 3114 1932 3139 caeremoniarum
1960 3113 2092 3146 magistro.
2121 3111 2232 3145 Congr.⁰
2261 3116 2364 3144 peracta
