2548 3464
981 580 1152 650 Pars
1199 584 1432 669 prima

282 702 335 751 in
374 715 476 765 qua
514 696 707 751 Summi
745 697 1002 753 Pontifices
1042 708 1091 754 et
1128 699 1191 754 ab
1230 705 1349 768 ipsis
1388 706 1539 755 creati
1577 701 1620 756 S.
1659 701 1710 756 R.
1751 702 1795 756 E.
1835 702 2125 758 Cardinales

725 795 1075 864 chronologico
1115 807 1480 853 enumerantur
1517 799 1694 853 ordine

1033 1178 1064 1214 Ι.
1089 1176 1275 1215 Clemens
1299 1179 1379 1215 XII

524 1283 640 1322 Antea
662 1285 874 1323 Laurentius
895 1285 1079 1331 Cominus,
1102 1300 1145 1337 ep
1167 1284 1407 1331 Tusculan.‚¹)
1431 1285 1563 1325 electus
1590 1289 1633 1325 12
1656 1286 1722 1326 Iul.
1753 1287 1886 1333 1730,2)

765 1375 951 1404 coronatus
978 1366 1020 1402 16
1043 1363 1109 1404 Iul.
1139 1364 1272 1411 1730,³)
1296 1365 1318 1414 †
1340 1367 1362 1403 6
1385 1365 1483 1405 Febr.
1513 1366 1646 1413 1740.·²)

93 1533 155 1596 rd‘)
178 1534 210 1560 17
232 1533 302 1601 1321aii
326 1533 395 1560 1706
417 1539 520 1560 creatus
542 1539 581 1560 est
601 1532 659 1569 pbr.
682 1532 752 1560 card.
777 1532 823 1566 (cf.
846 1533 1003 1561 Hierarchia
1025 1534 1058 1566 V,
1082 1533 1176 1561 S.R.E.

62 1579 92 1597 ca
126 1589 131 1595 .
151 1569 198 1601 VI,
221 1570 234 1596 5
251 1589 257 1595 .

134 1604 154 1637 ¹)
174 1603 389 1632 Novendialibus
411 1606 530 1640 exequiis
572 1614 601 1631 ro
623 1606 712 1632 anima
734 1604 781 1632 fel.
804 1614 855 1632 rec.
879 1603 1017 1632 Benedicti
1039 1606 1091 1632 ΡΡ.
1114 1606 1176 1632 XIII

140 1642 180 1672 tis,
202 1641 216 1667 5
238 1640 319 1667 Mart.
343 1641 413 1667 1730
433 1650 485 1667 em.
505 1615 612 1668 card'st‘·
635 1650 748 1668 numero
768 1642 804 1667 22
825 1651 853 1668 se
872 1640 1027 1668 adunarunt
1047 1644 1077 1668 in
1097 1641 1177 1668 choro

81 1686 116 1703 as.
134 1676 162 1703 S.
180 1676 250 1703 Petri
267 1683 294 1703 et
310 1675 493 1703 interfuerunt
509 1678 604 1704 missae
622 1675 655 1704 de
673 1677 775 1712 Spiritu
794 1677 893 1704 Sancto
911 1677 944 1704 ab
962 1687 1014 1703 em.
1034 1677 1177 1704 Barberino

62 1712 90 1739 S.
108 1711 177 1739 Goll.
194 1710 354 1747 pro-decano
371 1718 500 1739 cantatae.
520 1712 582 1739 Post
599 1714 706 1739 missam
725 1712 827 1739 R.P.D.
846 1712 959 1740 Iacobus
977 1712 1104 1740 Amadori
1123 1715 1176 1740 iam

62 1746 96 1775 de
118 1746 295 1779 Lanfredinis,
320 1754 371 1774 utr.
396 1750 416 1775 si
435 1758 463 1774 n.
487 1747 545 1780 ref„
569 1750 715 1775 orationem
739 1747 835 1775 habuit
859 1747 893 1776 de
916 1748 1040 1783 eligendo
1064 1749 1177 1776 Summo

62 1783 139 1810 Pont.
158 1783 222 1816 Qua
241 1793 273 1810 ex
293 1782 344 1810 leta
364 1758 459 1810 cardz.¹1⁵
493 1783 511 1810 h
559 1794 626 1810 num
651 1784 736 1811 «Veni
757 1784 867 1811 Creator
887 1784 1015 1819 Spiritus„
1040 1791 1176 1811 cantantes

62 1817 96 1846 ad
115 1828 145 1846 ca
200 1829 243 1846 am
286 1818 405 1846 aulinam
426 1829 504 1846 ascen
524 1826 611 1851 erunt,
634 1819 681 1846 ubi
702 1822 857 1847 iuraverunt
877 1819 964 1847 bullas
985 1822 1052 1847 circa
1074 1819 1177 1847 electio-

62 1864 124 1882 nem
161 1856 246 1882 ummi
263 1855 341 1882 Pont.
358 1854 476 1890 Expletis
493 1855 618 1882 omnibus
634 1854 742 1882 card.¹‘'
760 1854 794 1882 ad
811 1858 928 1891 proprias
944 1855 1023 1882 cellas
1041 1866 1069 1883 se
1085 1863 1177 1883 contu-

62 1889 150 1917 lerunt
165 1897 192 1918 et
208 1889 334 1917 nonnulli
351 1889 385 1917 ad
401 1893 506 1926 propria
522 1890 628 1926 palatia,
647 1898 736 1926 postea
754 1890 788 1918 ad
805 1890 930 1919 conclave
947 1894 1084 1918 reversuri.
1103 1892 1176 1918 Hora

62 1932 151 1953 autem
168 1927 204 1953 22
221 1925 328 1953 card-¹⁶¹
347 1925 381 1953 ad
397 1926 527 1962 capellam
546 1927 677 1954 Sixtinam
696 1934 829 1954 venerunt
846 1934 873 1954 et
890 1934 1052 1963 exceperunt
1069 1927 1176 1954 solitum

62 1960 194 1989 fidelitatis
207 1964 388 1989 iuramentum
403 1972 418 1989 a
431 1961 594 1990 maresciallo
608 1961 740 1990 conclavis
754 1970 781 1990 et
795 1962 828 1990 ab
843 1962 900 1990 aliis
915 1962 1087 1990 officialibus.
1103 1964 1177 1990 Hora

62 2007 123 2024 vero
145 1998 160 2024 3
183 1999 267 2025 noctis
289 1997 401 2025 exclusis
423 1998 557 2030 omnibus,
580 2001 628 2034 qui
651 2008 788 2026 remanere
810 2009 866 2026 non
889 1997 1049 2031 debuerunt,
1072 1998 1177 2026 clausae

62 2039 125 2060 sunt
143 2040 233 2069 portae
251 2033 390 2061 conclavis.
411 2034 427 2060 6
449 2034 529 2061 Mart.
550 2033 613 2061 hora
634 2036 666 2061 21
689 2044 782 2061 omnes
801 2034 976 2062 conclavistae
995 2037 1176 2062 iuramentum

62 2071 92 2096 in
111 2068 210 2104 capella
232 2069 334 2096 Sixtina
355 2072 550 2105 praestiterunt.
573 2071 588 2097 8
611 2070 692 2097 Mart.
714 2069 835 2097 absoluto
855 2073 983 2098 scrutinio
1003 2073 1118 2098 serotino
1139 2073 1177 2097 in-

62 2106 140 2139 gressi
161 2111 225 2132 sunt
244 2104 370 2132 conclave
390 2105 497 2132 card.¹‘'
519 2105 666 2141 Imperialis
688 2113 714 2133 et
736 2106 842 2134 Carafa.
864 2108 881 2133 9
905 2107 985 2133 Mart.
1008 2114 1067 2142 post
1088 2109 1177 2134 scruti-

62 2142 138 2167 nium
153 2143 333 2176 vespertinum
349 2143 481 2176 ingressus
496 2148 535 2169 est
549 2141 618 2169 card.
635 2140 668 2169 de
684 2142 869 2169 Lambertinis.
888 2144 917 2169 11
937 2143 1018 2169 Mart.
1035 2150 1094 2178 post
1109 2152 1177 2170 scru-

63 2177 159 2203 tinium
181 2178 326 2203 serotinum
348 2179 458 2212 ingressi
480 2184 544 2204 sunt
564 2176 671 2204 card.¹⁰'
695 2177 810 2213 Spinula
833 2178 874 2210 (z
899 2179 926 2205 S.
949 2178 1072 2214 Agnetis)
1095 2185 1122 2206 et
1143 2177 1177 2205 de

62 2213 183 2240 Marinis.
205 2215 237 2240 12
255 2214 336 2240 Mart.
355 2220 415 2249 post
432 2215 590 2240 scrutinium
608 2216 773 2241 matutinum
792 2216 924 2249 ingressus·
943 2222 981 2241 est
999 2213 1069 2241 card.
1089 2215 1177 2241 Benti-

62 2247 144 2281 volus,
167 2256 226 2284 post
247 2251 405 2276 scrutinium
427 2251 609 2285 vespertinum
632 2248 753 2277 eiusdem
774 2248 827 2277 diei
850 2252 959 2285 ingressi
983 2257 1046 2277 sunt
1068 2249 1175 2277 card.¹⁸'

61 2283 276 2312 Accorambonus
294 2292 320 2312 et
337 2284 479 2312 oliverius.
501 2286 532 2312 13
552 2285 632 2312 Mart.
652 2284 773 2312 absoluto
790 2288 917 2312 scrutinio
935 2288 1050 2313 serotino
1067 2288 1176 2321 ingressi

63 2326 125 2347 sunt
140 2319 246 2347 card.¹”
263 2319 296 2348 de
312 2321 363 2348 Via
379 2327 405 2348 et
419 2320 579 2348 Alberonus.
600 2322 629 2348 15
648 2321 729 2348 Mart.
746 2328 805 2356 post
820 2324 978 2348 scrutinium
995 2324 1175 2356 vespertinum

62 2357 170 2391 ingressi
186 2363 249 2383 sunt
264 2355 370 2383 card-¹⁹¹
389 2357 467 2383 Picus
483 2363 510 2384 et
526 2356 626 2383 Iudice.
644 2358 676 2383 21
696 2357 786 2389 Mart„
804 2359 911 2384 attentis
927 2359 994 2384 votis
1011 2367 1123 2384 numero
1144 2358 1175 2384 18

62 2393 92 2418 in
115 2393 241 2419 scrutinio
263 2394 414 2427 vespertino
437 2391 618 2419 antecedentis
642 2391 695 2419 diei
720 2392 810 2420 favore
834 2391 904 2420 card.
929 2392 1075 2428 Imperialis
1100 2392 1175 2425 datis,

62 2425 132 2454 card.
149 2426 310 2459 Bentivolus,
328 2430 375 2463 qui
393 2430 498 2463 negotia
515 2430 582 2463 regis
599 2428 748 2463 Hispaniae
764 2428 878 2464 gerebat,
896 2427 1053 2456 ostendebat
1069 2428 1175 2460 litteras,

63 2464 92 2489 in
111 2462 209 2497 quibus
228 2465 337 2490 nomine
357 2462 421 2490 dicti
441 2465 508 2498 regis
528 2474 647 2499 expressa
668 2463 721 2491 fuit
741 2463 859 2491 exclusio
878 2464 940 2491 em.¹
964 2464 1119 2499 Imperialis.
1141 2466 1176 2491 22

63 2497 143 2525 Mart.
161 2500 274 2525 nuntius
291 2501 365 2526 venit
382 2501 472 2526 mortis
490 2498 560 2526 card.
580 2498 714 2535 Pamphili
732 2501 800 2526 circa
818 2499 910 2526 horam
934 2501 965 2527 17
985 2498 1103 2527 eiusdem
1124 2499 1177 2527 diei

23 2559 25 2564 ‚
63 2539 134 2560 extra
147 2533 271 2561 conclave
285 2541 397 2566 secutae;
412 2541 471 2570 post
485 2537 642 2562 scrutinium
657 2537 837 2570 vespertinum
853 2537 889 2562 22
903 2535 984 2562 Mart.
1000 2542 1089 2570 aperta
1103 2542 1176 2571 porta

63 2568 193 2596 conclavis
213 2568 380 2597 introductus
400 2577 439 2597 est
459 2569 529 2597 card.
551 2570 648 2597 Rufus.
671 2571 706 2597 30
727 2571 809 2598 Mart⁴
831 2578 890 2606 post
910 2573 1068 2598 scrutinium
1091 2573 1177 2598 seroti-

63 2614 129 2631 num
147 2606 278 2640 ingressus
297 2612 335 2632 est
353 2605 423 2632 card.
443 2607 674 2641 Boncompagnus.
696 2607 726 2633 31
750 2607 831 2633 Mart.
851 2606 972 2633 absoluto
991 2609 1118 2633 scrutinio
1136 2617 1177 2633 ve-

63 2642 179 2674 spertino
195 2642 303 2676 ingressi
322 2648 385 2668 sunt
402 2640 508 2668 card.¹⁸'
527 2641 630 2669 Thiard
648 2641 683 2669 de
700 2643 774 2678 Bissy
791 2649 818 2670 et
835 2641 868 2670 de
887 2641 1056 2669 Sinzendorf.
1079 2644 1090 2669 1
1111 2642 1176 2677 Apr.

63 2682 122 2709 post
142 2678 299 2703 scrutinium
321 2679 466 2704 serotinum
489 2679 621 2713 ingressus
643 2685 682 2705 est
704 2677 829 2705 conclave
851 2677 920 2705 card.
944 2677 979 2706 de
1001 2677 1176 2709 Kollonitsch,

63 2712 111 2743 qui
134 2721 241 2746 vespere
265 2710 318 2739 diei
343 2711 524 2747 praecedentis
549 2713 653 2740 Urbem
678 2715 810 2748 ingressus
834 2721 897 2741 erat.
925 2714 939 2740 3
965 2714 990 2740 A
1011 2724 1031 2740 r.
1057 2713 1177 2740 absoluto

63 2748 189 2773 scrutinio
206 2749 356 2782 vespertino
373 2747 540 2775 introductus
558 2755 597 2776 est
614 2751 644 2775 in
661 2748 786 2776 conclave
804 2748 874 2776 card.
893 2748 927 2776 de
945 2748 980 2776 Al
1013 2759 1056 2776 an.
1076 2751 1092 2775 4
1111 2749 1176 2784 Apr.

63 2788 122 2816 post
141 2784 297 2809 scrutinium
318 2785 482 2810 matutinum
502 2786 635 2819 ingressus
656 2791 695 2811 est
715 2783 785 2811 card.
807 2785 910 2812 Coscia.
931 2785 948 2811 6
969 2784 1035 2820 Apr.
1057 2784 1177 2812 absoluto

63 2819 189 2844 scrutinio
204 2820 318 2845 serotino
333 2821 465 2854 ingressus
480 2826 519 2847 est
534 2819 604 2847 card.
620 2819 811 2847 Odescalchus.
829 2821 845 2847 8
862 2820 927 2856 Apr.
944 2827 1003 2855 post
1019 2822 1176 2847 scrutinium

63 2855 242 2887 vespertinum
258 2856 366 2889 ingressi
383 2862 446 2882 sunt
461 2854 568 2882 card.¹⁶¹
584 2855 618 2883 de
634 2855 730 2883 Rohan
746 2863 772 2883 et
788 2857 969 2883 Borromaeus.
986 2857 1021 2882 20
1037 2856 1062 2882 A
1082 2866 1102 2882 r.
1119 2862 1177 2891 post

64 2891 219 2917 scrutinium
237 2893 382 2917 serotinum
399 2893 428 2917 in
459 2901 531 2918 essus
547 2898 586 2918 est
602 2890 672 2918 card.
689 2890 723 2919 de
740 2891 907 2919 Schonborn.
925 2892 959 2918 23
978 2891 1043 2927 Apr.
1080 2901 1125 2918 ora
1145 2892 1176 2918 13

65 2924 226 2959 apoplectico
242 2928 298 2953 ictu
314 2928 343 2953 in
359 2936 425 2953 conc
437 2929 478 2953 avi
495 2937 634 2962 oppressus
651 2926 721 2954 card.
739 2926 773 2954 de
789 2927 941 2955 Comitibus
958 2929 1178 2962 poenitentiarius

64 2962 146 2987 maior
165 2963 287 2988 munitus
307 2969 470 2989 sacramento
491 2969 622 2989 extremae
642 2964 777 2989 unctionis
798 2961 901 2998 placida
922 2973 936 2989 a
955 2964 1017 2989 onia
1038 2964 1177 2997 exspiravit

65 2993 128 3022 hora
151 2996 182 3023 17
202 3006 224 3023 c.
245 2995 364 3029 dimidi03
384 2996 449 3024 hora
469 3000 553 3033 prima
574 3000 658 3025 noctis
677 2997 788 3025 cadaver
808 2997 877 3025 card.
899 2997 932 3024 de
947 3000 1022 3025 uncn'
1042 3008 1058 3025 e
1077 2997 1178 3033 capella

65 3030 177 3058 Paulina
195 3031 229 3059 ad
247 3039 349 3067 portam
368 3032 500 3060 conclavis
518 3033 759 3060 concomitantibus
778 3032 885 3060 card.¹’¹¹¹
906 3040 1111 3069 transportatum
1131 3040 1178 3060 est.

66 3067 101 3092 24
120 3066 184 3102 Apr.
205 3074 268 3095 ante
288 3070 445 3095 scrutinium
466 3071 630 3096 matutinum
652 3071 776 3104 praestito
796 3068 872 3096 solito
892 3071 1043 3096 iuramento
1063 3071 1144 3096 exivit
1164 3079 1178 3096 e

65 3101 182 3129 conclavi
200 3112 223 3130 c.
242 3105 296 3130 suis
314 3103 478 3131 conclavistis
497 3103 567 3131 card.
587 3105 686 3137 Porzia,
706 3108 754 3140 qui
773 3104 894 3132 absoluto
912 3107 1038 3132 scrutinio
1058 3106 1092 3131 29
1112 3104 1178 3140 Apr.

1236 1532 1313 1560 rediit
1326 1536 1356 1561 in
1369 1533 1502 1562 conclave.
1517 1535 1552 1561 26
1566 1534 1631 1570 Apr.
1646 1534 1745 1562 electus
1759 1542 1798 1563 est
1811 1539 2077 1571 propoenitentiarius
2091 1539 2174 1564 maior
2188 1537 2257 1565 card.
2273 1539 2348 1565 Petra

1236 1569 1294 1596 loco
1313 1568 1435 1597 defuncti
1454 1569 1524 1597 card.
1544 1569 1578 1598 de
1598 1571 1749 1598 Comitibus
1768 1574 1972 1607 poenitentiarii;
1993 1580 2052 1608 post
2071 1575 2228 1600 scrutinium
2249 1584 2348 1609 vesper-

1237 1607 1324 1632 tinum
1343 1604 1462 1633 eiusdem
1481 1605 1534 1633 diei
1552 1608 1684 1642 ingressus
1702 1614 1741 1634 est
1758 1607 1883 1635 conclave
1901 1607 1971 1635 card.
1991 1608 2154 1644 Pignatellus
2172 1608 2297 1636 decanus.
2316 1610 2348 1637 In

1236 1643 1364 1668 scrutinio
1379 1644 1513 1668 matutino
1533 1643 1563 1668 15
1583 1643 1651 1669 Maii
1668 1642 1738 1669 card.
1757 1644 1885 1670 Corsinus
1901 1643 1997 1671 habuit
2014 1645 2048 1671 27
2066 1651 2134 1671 vota.
2153 1647 2188 1671 22
2206 1646 2274 1672 Maii
2292 1652 2349 1680 post

1236 1679 1394 1703 scrutinium
1410 1679 1591 1712 vespertinum
1608 1680 1740 1713 ingressus
1756 1685 1795 1706 est
1811 1678 1880 1706 card.
1898 1679 2074 1706 Caracciolus.
2091 1682 2108 1707 4
2125 1680 2186 1707 Iun.
2203 1688 2265 1708 ante
2282 1691 2348 1708 scru-

1237 1714 1333 1739 tinium
1355 1715 1535 1748 vespertinum
1557 1716 1680 1748 praestito
1700 1714 1776 1741 solito
1796 1717 1946 1742 iuramento
1967 1718 2047 1742 exivit
2067 1726 2089 1742 c.
2111 1718 2164 1743 suis
2185 1716 2348 1743 conclavistis

1236 1746 1306 1774 card.
1325 1748 1403 1783 Cybo
1420 1748 1550 1775 infirmus.
1569 1749 1601 1776 In
1619 1752 1745 1776 scrutinio
1763 1753 1913 1785 vespertino
1932 1752 1947 1778 7
1966 1751 2027 1777 Iun.
2046 1750 2115 1778 card.
2134 1751 2168 1779 de
2186 1752 2237 1779 Via
2255 1752 2349 1779 habuit

1237 1785 1271 1810 29
1289 1790 1315 1811 et
1331 1783 1400 1810 card.
1419 1783 1581 1811 Corradinus
1598 1787 1630 1811 21
1650 1792 1710 1812 vota
1727 1793 1753 1812 et
1769 1785 1876 1812 card.¹²'
1895 1786 2011 1813 fautores
2028 1787 2089 1814 em.¹
2109 1786 2143 1814 de
2160 1788 2211 1814 Via
2227 1790 2279 1814 iam
2298 1798 2349 1814 cre-

1236 1817 1362 1846 diderunt
1380 1819 1536 1847 electionem
1557 1821 1662 1848 Summi
1682 1822 1759 1848 Pont.
1778 1831 1833 1849 esse
1852 1824 2007 1857 proximam;
2027 1821 2072 1850 sed
2091 1825 2176 1850 exitus
2196 1823 2249 1850 fuit
2267 1823 2348 1850 diver-

1236 1864 1288 1881 sus.
1311 1856 1328 1882 9
1351 1855 1412 1882 Iun.
1435 1862 1497 1883 ante
1519 1858 1676 1883 scrutinium
1700 1859 1863 1884 matutinum
1887 1868 1902 1885 e
1924 1858 2042 1885 conclavi
2065 1861 2146 1885 exivit
2167 1858 2236 1886 card.
2260 1859 2349 1886 Rufus

1236 1889 1358 1917 infirmus
1374 1900 1396 1917 c.
1413 1893 1467 1918 suis
1483 1891 1656 1918 conclavistis.
1673 1893 1706 1919 In
1722 1895 1849 1920 scrutinio
1864 1896 1998 1920 matutino
2017 1895 2048 1921 17
2065 1894 2126 1921 Iun.
2143 1894 2212 1921 card.
2230 1894 2349 1922 Corradi-

1236 1935 1288 1952 nus
1308 1925 1403 1953 habuit
1424 1928 1458 1953 30
1478 1934 1547 1954 vota.
1570 1929 1601 1954 21
1626 1928 1686 1954 Iun.
1708 1935 1766 1963 post
1786 1931 1944 1956 scrutinium
1965 1932 2129 1957 matutinum
2151 1932 2232 1957 exivit
2251 1940 2273 1957 c.
2296 1933 2348 1957 suis

1236 1961 1402 1989 conclavistis
1421 1961 1491 1989 card.
1513 1963 1603 1990 Porzia
1624 1963 1754 1996 infirmus,
1775 1967 1823 1999 qui
1847 1966 1876 1991 ll
1899 1964 1951 1991 Iul.
1972 1975 2089 1993 reversus
2110 1973 2156 1992 est.
2181 1968 2191 1992 1
2215 1966 2266 1993 Iul.
2288 1974 2348 1993 ante

1236 1999 1393 2024 scrutinium
1412 2000 1592 2033 vespertinum
1611 1998 1724 2026 eductus
1741 2007 1780 2026 est
1797 1999 1867 2027 card.
1886 1999 1920 2027 de
1938 2000 2096 2028 Schonborn
2114 2001 2236 2028 infirmus
2253 2012 2276 2028 c.
2296 2004 2348 2028 suis

1235 2032 1409 2060 conclavistis.
1431 2035 1463 2060 10
1482 2033 1533 2061 Iul.
1571 2041 1611 2061 ost
1628 2037 1786 2062 scrutinium
1804 2038 1984 2071 vespertinum
2004 2039 2098 2072 egressi
2117 2044 2180 2063 sunt
2197 2048 2212 2064 e
2230 2037 2348 2064 conclavi

1236 2067 1343 2095 card.¹⁶¹
1363 2068 1452 2096 Rufus
1469 2076 1496 2096 et
1514 2045 1599 2105 Cybo,
1618 2073 1665 2106 qui
1683 2073 1806 2106 sequenti
1824 2070 1867 2099 die
1889 2073 1918 2098 11
1939 2071 1990 2099 Iul.
2010 2079 2071 2099 ante
2090 2075 2246 2099 scrutinium
2265 2079 2348 2099 matu-

1237 2106 1323 2131 tinum
1346 2107 1453 2140 regressi
1475 2113 1546 2132 sunt.
1573 2108 1624 2132 142
1645 2105 1821 2134 decurrebant
1842 2106 1906 2139 dies,
1929 2107 2028 2140 quibus
2049 2107 2157 2135 viduata
2179 2115 2281 2143 pastore
2302 2108 2348 2135 Ec-

1235 2139 1314 2167 clesia
1330 2139 1482 2175 languebat,
1500 2148 1526 2168 et
1542 2140 1587 2169 die
1606 2143 1638 2168 12
1655 2141 1706 2169 Iul.
1728 2143 1796 2169 1730
1814 2142 1894 2170 fletus
1912 2145 1941 2170 in
1958 2143 2159 2170 exsultationem
2177 2151 2203 2170 et
2219 2143 2347 2179 gaudium

1236 2183 1415 2203 commutatus
1429 2183 1475 2208 est;
1491 2187 1553 2204 nam
1569 2176 1661 2204 divino
1675 2177 1789 2205 afflante
1804 2179 1905 2214 Spiritu
1920 2179 2041 2206 Patribus
2056 2181 2085 2206 in
2100 2181 2211 2206 comitiis
2227 2179 2347 2212 detentis,

1236 2222 1317 2247 quem
1338 2212 1445 2248 elegerit
1465 2213 1548 2245 Deus,
1570 2220 1705 2240 ostensum
1726 2221 1772 2245 est;
1795 2221 1821 2241 et
1841 2221 1950 2249 repente
1970 2214 2076 2241 card.¹⁰⁸
2099 2217 2128 2241 in
2148 2225 2235 2242 unum
2257 2225 2348 2242 conve

1236 2255 1343 2280 nerunt,
1362 2259 1414 2275 em.
1434 2259 1530 2284 nempe
1549 2248 1665 2275 card.¹⁰¹¹‘
1685 2250 1860 2276 Laurentium
1880 2250 2023 2277 Corsinum
2043 2261 2084 2285 ep.
2104 2250 2260 2282 Tusculan.;
2280 2250 2349 2278 ideo-

1236 2293 1290 2319 que
1306 2283 1340 2311 de
1356 2294 1436 2311 mane
1452 2283 1515 2311 hora
1532 2286 1633 2311 circiter
1654 2285 1683 2311 15
1702 2283 1766 2312 dicti
1783 2284 1836 2312 diei
1857 2287 1889 2312 12
1906 2285 1957 2312 Iul.
1974 2288 2004 2312 in
2021 2288 2148 2312 scrutinio
2164 2285 2306 2313 recollectis
2323 2293 2349 2313 et

1238 2318 1356 2354 perlectis
1374 2319 1508 2347 schedulis
1525 2327 1622 2347 cuncta
1639 2327 1699 2347 vota
1717 2323 1771 2347 visa
1790 2320 1902 2347 fuerunt
1919 2323 1949 2348 in
1967 2331 2079 2348 numero
2099 2322 2131 2348 53
2151 2321 2347 2356 suffragiorum,

1236 2361 1368 2390 quotquot
1388 2362 1463 2382 erant
1482 2358 1629 2391 purpurati;
1649 2358 1706 2391 ipse
1725 2363 1814 2383 autem
1835 2356 1905 2383 card.
1927 2357 2054 2384 Corsinus
2073 2364 2165 2384 votum
2186 2356 2259 2384 dedit
2279 2357 2348 2384 card.

1237 2390 1385 2425 Pignatello
1410 2389 1519 2423 decano;
1546 2398 1573 2418 et
1597 2391 1732 2426 praefatus
1758 2402 1809 2419 emt
1836 2392 1964 2419 Corsinus
1990 2395 2019 2419 in
2045 2393 2120 2420 Sum.
2148 2394 2224 2419 Pont.
2251 2392 2348 2420 electus

1236 2428 1377 2461 assumpsit
1396 2426 1445 2453 sibi
1466 2437 1566 2454 nornen
1587 2426 1734 2454 Clementis
1754 2428 1812 2454 XII.
1833 2428 1995 2455 Neoelectus
2015 2427 2102 2455 usuali
2123 2427 2234 2455 indutus
2254 2428 2349 2455 habitu

1236 2461 1270 2488 ad
1289 2461 1485 2489 oboedientiam
1505 2461 1612 2489 card-¹⁰¹
1634 2465 1745 2498 excepit,
1766 2470 1792 2490 et
1812 2462 1882 2490 card.
1903 2462 1936 2491 de
1956 2463 2071 2496 Aheriis,
2092 2466 2193 2499 primus
2214 2463 2348 2496 diac.⁰¹¹¹¹”‚

1237 2499 1266 2524 in
1287 2496 1357 2524 lodia
1378 2504 1505 2524 consueta
1527 2500 1589 2524 novi
1612 2499 1688 2525 Pont.
1712 2498 1868 2526 electionem
1891 2499 2076 2534 promulgavit.
2100 2500 2177 2526 Circa
2199 2498 2290 2526 horam
2317 2501 2348 2526 19

1236 2532 1361 2560 Pontifex
1382 2532 1488 2560 admisit
1509 2532 1542 2560 ad
1564 2533 1728 2561 audientiam
1750 2544 1838 2569 regem
1861 2541 1887 2561 et
1907 2537 2025 2570 reginam
2048 2535 2166 2570 Magnae
2188 2536 2347 2562 Britanniae.

1237 2571 1352 2605 Vespere
1374 2571 1449 2597 Sum.
1473 2571 1550 2598 Pont.
1572 2573 1601 2598 in
1622 2571 1723 2606 capella
1746 2572 1850 2599 Sixtina
1871 2575 1949 2599 sacris
1970 2574 2081 2599 amictus
2103 2572 2219 2599 vestibus
2241 2571 2346 2599 card.¹⁸·

1237 2616 1329 2633 omnes
1350 2605 1383 2633 ad
1439 2605 1480 2633 dis
1500 2613 1527 2634 et
1547 2617 1644 2634 manus
1665 2606 1786 2634 osculum
1809 2614 1835 2634 et
1856 2607 2009 2642 amplexum
2032 2610 2142 2643 excepit.
2166 2608 2217 2634 His
2239 2607 2349 2642 expletis

1237 2640 1403 2676 praecedenti
1424 2652 1455 2668 us
1472 2644 1578 2669 interim
1596 2642 1748 2670 cantoribus
1764 2642 1888 2678 capellae,
1907 2645 1954 2678 qui
1971 2645 2000 2670 in
2017 2642 2078 2670 aula
2095 2645 2164 2678 regia
2183 2653 2276 2670 canere
2293 2653 2349 2669 coe-

1238 2684 1335 2712 perunt
1355 2677 1438 2704 «Ecce
1457 2677 1583 2704 Sacerdos
1601 2678 1733 2713 Magnus»
1756 2685 1782 2705 et
1800 2681 1944 2706 successive
1962 2679 2135 2714 sequentibus
2154 2677 2260 2705 card-¹³¹¹*
2279 2678 2349 2705 binis

1237 2722 1267 2739 ac
1285 2712 1363 2744 binis,
1385 2720 1411 2739 et
1429 2723 1508 2748 supra
1527 2712 1619 2740 sellam
1638 2716 1803 2748 gestatoriam
1824 2724 1870 2749 per
1889 2713 1985 2741 scalam
2006 2715 2220 2741 Constantiniam
2241 2713 2275 2740 ad
2294 2714 2348 2740 bas.

1236 2748 1393 2775 Vaticanam
1408 2755 1499 2775 vectus
1513 2755 1559 2781 est,
1575 2748 1695 2776 adstante
1710 2749 1900 2776 innumerabili
1914 2749 2015 2785 populo
2029 2759 2104 2776 voces
2119 2749 2228 2784 plausus
2243 2756 2269 2776 et
2283 2749 2349 2776 iubi-

1236 2782 1341 2810 lationis
1358 2783 1516 2818 proferente,
1535 2795 1621 2820 usque
1638 2784 1672 2812 ad
1689 2784 1769 2812 altare
1787 2785 1845 2812 S.“¹¹
1866 2786 2037 2817 Sacramenti‚
2055 2785 2102 2812 ubi
2120 2787 2149 2812 in
2166 2784 2349 2820 genuflexorio

1238 2830 1326 2855 preces
1343 2819 1451 2847 effudit.
1469 2820 1605 2848 Omnibus
1623 2820 1732 2856 expletis
1750 2819 1784 2847 ad
1801 2819 1881 2847 altare
1898 2820 2037 2847 cathedrae
2055 2820 2147 2847 eodem
2166 2819 2349 2856 processionali

1237 2858 1289 2883 ritu
1308 2855 1371 2883 sella
1390 2855 1481 2883 denuo
1499 2859 1660 2891 compositus
1679 2866 1707 2883 se
1725 2856 1850 2883 Pontifex
1869 2855 1989 2888 contulit,
2011 2866 2088 2891 supra
2109 2858 2185 2883 cuius
2205 2855 2347 2891 pradellam

1237 2894 1356 2927 apposito
1376 2891 1489 2918 scabello
1509 2890 1576 2918 sedit
1596 2902 1675 2927 supra
1694 2902 1813 2918 mensam
1834 2891 1929 2918 altaris.
1950 2892 2031 2919 Tunc
2050 2902 2101 2919 em.
2124 2891 2286 2927 Pignatellus
2307 2890 2349 2918 de-

1237 2937 1320 2954 canus
1344 2929 1463 2954 intonuit
1487 2926 1620 2962 hymnum
1649 2927 1706 2954 «Te
1730 2928 1848 2959 Deum»,
1874 2937 1954 2962 quem
1980 2934 2099 2954 cantores
2123 2930 2253 2962 prosecuti
2279 2933 2348 2958 sunt,

1237 2961 1322 2989 donec
1344 2961 1442 2997 singuli
1464 2962 1571 2989 card.¹‘'
1595 2965 1697 2990 tertiam
1719 2962 1914 2990 oboedientiam
1937 2962 2113 2998 explevissent
2135 2962 2227 2990 eodem
2250 2969 2349 2989 servato

1238 3000 1290 3025 ritu
1313 3005 1343 3025 ut
1364 3000 1394 3025 in
1415 2997 1516 3033 capella
1539 2998 1651 3025 Sixtina.
1675 2999 1736 3025 Post
1758 2998 1824 3025 haec
1847 2998 1972 3025 Pontifex
1994 3005 2099 3033 sumpta
2121 3000 2198 3025 mitra
2222 3009 2235 3025 a
2258 3007 2349 3024 mensa

1238 3032 1401 3060 descendens
1419 3040 1490 3060 stans
1508 3043 1597 3060 versus
1615 3033 1746 3069 populum
1766 3033 1911 3061 solemnem
1929 3033 2142 3061 benedictionem
2162 3033 2284 3068 elargitus
2303 3040 2348 3064 est;

1237 3068 1355 3104 indeque
1374 3068 1480 3096 card.¹⁰¹
1501 3068 1608 3101 dimisit,
1629 3079 1656 3096 se
1675 3069 1789 3096 contulit
1807 3069 1841 3096 ad
1859 3069 2015 3096 cubiculum
2035 3076 2248 3104 paramentorum
2268 3078 2349 3103 prope

1238 3104 1318 3132 altare
1338 3111 1527 3137 constructum,
1549 3105 1595 3132 ubi
1616 3107 1692 3132 sacris
1713 3107 1799 3132 exutis
1818 3105 1934 3132 vestibus
1955 3104 2017 3132 sella
2037 3104 2125 3132 clausa
2146 3104 2180 3131 ad
2199 3106 2348 3131 mansiones
