2548 3464
1024 196 1097 231 111.
1126 193 1312 232 Clemens
1341 197 1442 232 XIII

459 299 575 338 Antea
604 298 753 338 Carolus
782 301 1009 344 Rezzonicus,
1040 311 1076 339 tt.
1108 300 1143 338 S.
1174 301 1291 338 Marci
1315 299 1390 352 pbr.
1417 299 1551 345 card.‚¹)
1577 299 1707 339 electus
1732 302 1754 338 6
1780 299 1845 339 Iul.
1878 300 2011 347 1758‚²)

789 390 974 418 coronatus
1003 381 1044 417 16
1068 378 1134 418 Iul.
1165 379 1298 424 1758,³)
1322 379 1344 427 †
1368 383 1390 417 2
1413 379 1512 418 Febr.
1542 380 1675 425 176921)

165 553 184 585 ¹)
205 552 251 580 Cf.
269 551 363 580 S.R.E.
381 551 451 579 card.
469 552 489 584 Ι,
508 552 552 579 27.

164 589 183 621 ⁹)
204 588 321 624 Expletis
341 586 546 615 novendialibus
566 597 613 614 seu
632 589 721 622 potius
740 586 847 613 octidua
867 585 991 613 mortuali
1011 588 1138 613 memoria
1159 596 1206 621 pro

35 644 40 648 «
92 635 111 653 s.
125 635 204 652 mem.
220 623 364 652 Benedicto
378 624 430 650 ΡΡ.
444 623 626 666 ΧΙνῬι-ορῑεῐ
640 622 762 649 incidens
777 623 951 649 Pentecosten
966 622 1065 649 festum
1080 621 1160 654 diem,
1177 624 1206 649 in

91 670 144 697 qua
158 667 189 688 ut
202 659 319 696 disponit
333 658 530 687 caeremoniahs
545 659 707 694 Gregoriana
722 660 876 685 constitutio
891 665 996 694 propter
1011 658 1205 685 solemnitatem

91 695 227 724 mortualis
246 698 324 723 missa
345 698 454 727 vacavit,
481 696 511 722 15
534 695 603 722 Maii
628 695 705 726 1758,
727 694 793 721 feria
814 696 843 721 2¹
865 695 1057 726 Pentecosten„
1080 693 1149 721 card.
1172 693 1205 721 de

92 732 156 760 llcio
171 730 264 759 decan.
280 733 310 758 in
326 730 406 758 choro
422 731 476 758 bas.
493 731 639 762 Vaticanae
655 740 758 757 sacrum
776 729 887 757 solemni
905 732 957 756 ritu
974 729 1124 757 celebravit.
1142 729 1206 762 Quo

28 758 39 786 Ῐ
92 767 196 804 expleto
215 767 330 794 Ioannes
350 766 448 794 Bortoli
469 766 584 802 archiep.
606 766 772 793 Nazianzen.
794 765 828 793 de
848 765 972 801 eligendo
994 766 1106 793 Summo
1128 766 1205 792 Pont.

32 819 37 825 ==
91 803 166 832 exn-¹¹
185 803 307 830 Patribus
324 813 472 830 sermonem
490 802 593 829 habuit.
612 801 719 829 Deinde
737 812 783 837 per
801 809 919 828 cantores
937 801 1087 837 pontificios
1105 801 1206 837 hymno

95 840 180 867 «Veni
196 839 305 866 Creator
321 839 449 873 Spiritus»
469 840 576 874 incepto
591 837 698 865 card.¹‘¹
716 848 763 873 per
779 837 875 865 scalam
893 838 1064 865 Constantini
1081 836 1206 864 conclave

92 873 901 945 fflffffieffssssci‘„3¹¹2<i³E1ffi³31iffssss¹issffmffi13essssffliz
913 873 1207 937 ‘3¹2¹e‘i'055212‘3eh13333

92 946 148 974 ficis
161 946 259 978 habita,
275 945 382 973 card.¹‘¹
399 948 601 973 constitutiones
615 952 698 981 apost.
714 948 877 972 iuraverunt.
894 944 1064 973 Introductus
1080 953 1118 972 est
1134 944 1206 972 dein-

29 979 39 990 *
92 981 126 1010 de
145 982 247 1010 R.P.D.
270 982 379 1009 Marcus
400 982 536 1009 Antonius
558 981 702 1013 Columna,
744 981 809 1008 raef.
832 981 887 1008 Pal.
911 981 1012 1017 Apost.,
1036 988 1066 1008 ut
1088 984 1144 1016 ipse
1167 983 1206 1008 uti

91 1017 199 1046 futurus
241 1017 287 1045 ub.
312 1017 452 1049 conclavis,
498 1017 659 1045 raefecturae
685 992 743 1044 Pas
766 1018 859 1053 Apost.
886 1028 1021 1044 annexum
1047 1027 1148 1044 munus
1173 1016 1207 1044 de

92 1053 161 1082 bene
181 1061 208 1081 et
223 1028 341 1081 ⁵bdeliter
361 1063 472 1081 exercen
492 1064 508 1081 o
529 1053 623 1085 officio,
646 1060 677 1080 ut
698 1053 770 1085 fecit,
793 1052 943 1089 sponderet.
966 1053 1074 1086 Quibus
1096 1052 1206 1088 expletis

92 1097 254 1117 recesserunt
277 1089 394 1121 card.¹‘¹‚
421 1092 468 1125 qui
494 1088 539 1116 alii
564 1088 598 1116 ad
623 1091 728 1125 propria
754 1089 850 1124 palatia
876 1088 1020 1121 redierunt,
1047 1089 1091 1116 alii
1117 1097 1206 1116 autem

91 1127 311 1153 constitutionum
330 1125 523 1152 observantiam
543 1132 732 1160 prosequentes
750 1125 818 1152 inibi
837 1127 948 1160 propriis
966 1127 996 1152 in
1014 1124 1087 1152 cellis
1106 1135 1206 1152 reman-

92 1167 191 1188 serunt.
211 1161 327 1196 Vespere
351 1162 380 1187 15
403 1161 471 1187 Maii
492 1160 556 1188 hora
577 1162 608 1187 21
632 1160 739 1187 card.¹‘⁵
761 1168 912 1196 praesentes
931 1163 960 1187 in
981 1160 1082 1196 capella
1103 1161 1207 1188 Sixtina

189 1203 253 1223 runt
271 1196 458 1223 iusiurandum
480 1195 613 1224 fidelitatis
633 1196 667 1224 de
687 1195 860 1224 custodienda
881 1196 1014 1224 conclavis
1034 1195 1152 1223 custodia
1174 1196 1207 1223 ab

92 1234 166 1260 ex.¹”⁰
181 1232 335 1268 Augustino
351 1232 445 1260 Chisio
459 1232 591 1259 conclavis
606 1232 769 1260 maresciallo
785 1240 811 1260 et
827 1232 860 1259 ab
877 1232 935 1259 aliis
950 1232 1115 1259 officialibus.
1133 1233 1207 1259 Hora

93 1268 108 1295 3
123 1270 207 1295 noctis
220 1267 333 1295 exclusis
346 1268 472 1295 omnibus
486 1279 500 1296 e
515 1268 642 1300 conclavi,
657 1271 705 1304 qui
719 1279 856 1296 remanere
871 1279 927 1295 non
941 1268 1101 1300 debuerunt,
1117 1275 1207 1304 portae

93 1303 223 1331 conclavis
239 1303 343 1331 clausae
360 1311 431 1331 sunt.
453 1305 484 1331 16
502 1305 570 1331 Maii
588 1311 706 1340 tempore
721 1307 800 1340 primi
817 1306 937 1331 scrutinii
954 1307 984 1331 in
1000 1304 1119 1331 conclavi
1137 1314 1207 1340 prae

91 1346 177 1367 sentes
193 1347 268 1367 erant
286 1341 321 1366 27
339 1339 446 1367 card.¹‘¹
466 1341 582 1375 Vespere
600 1340 664 1367 hora
683 1342 718 1367 20
737 1339 856 1367 eiusdem
875 1339 928 1367 diei
947 1339 1000 1367 fuit
1019 1343 1163 1375 recognitio
1181 1347 1207 1367 et

92 1385 107 1402 a
127 1375 246 1411 probatio
270 1375 498 1407 conclavistarum,
526 1378 573 1411 qui
599 1378 678 1403 etiam
705 1375 812 1403 solitum
839 1375 1026 1403 iusiurandum
1053 1378 1206 1403 emiserunt.

93 1385 208 1447 xyoepere
227 1412 262 1438 20
281 1411 349 1438 Maii
368 1419 426 1447 post
444 1414 602 1439 scrutinium
621 1414 754 1447 ingressus
773 1419 811 1439 est
830 1411 954 1439 conclave
973 1410 1043 1439 card.
1063 1411 1097 1439 de
1117 1411 1207 1439 Bardis

95 1449 139 1482 (Π,
155 1449 211 1481 20).
227 1449 343 1484 Vespere
359 1450 391 1475 21
411 1449 479 1475 Maii
495 1447 600 1483 expleto
616 1450 744 1474 scrutinio
759 1448 869 1475 Rev.''¹¹¹¹
888 1448 917 1474 P.
934 1448 1016 1479 Ricci,
1034 1447 1067 1475 de
1083 1458 1162 1475 mane
1179 1450 1207 1474 in

92 1487 204 1512 comitiis
226 1485 276 1512 S.1.
299 1487 328 1511 in
350 1487 415 1511 min.
457 1494 499 1511 en.
522 1483 629 1515 electus,
653 1483 687 1510 ad
710 1491 792 1510 rotam
815 1490 1028 1510 conservatorum
1053 1486 1159 1510 accessit
1182 1491 1208 1510 et

94 1521 121 1548 S.
141 1519 263 1556 Collegio
281 1530 356 1547 suam
376 1519 442 1547 oboe
461 1522 571 1546 ientiam
591 1519 722 1546 exhibuit.
742 1520 777 1545 26
798 1520 867 1546 Maii
886 1526 945 1555 post
964 1521 1122 1546 scrutinium
1143 1529 1208 1546 sero-

94 1558 181 1584 tinum
202 1558 334 1591 ingressus
354 1562 393 1583 est
413 1554 482 1582 card.
504 1555 651 1582 Archintus
673 1555 718 1587 (ΙΙ,
742 1555 796 1587 57).
819 1556 935 1590 Vespere
956 1556 991 1582 28
1014 1555 1082 1582 Maii
1104 1562 1208 1590 peracto

93 1594 220 1619 scrutinio
237 1594 369 1627 ingressus
386 1599 424 1619 est
442 1590 511 1618 card.
530 1590 719 1626 Argenvilliers
738 1591 783 1623 (II,
802 1591 858 1623 48).
878 1592 909 1618 31
931 1591 999 1618 Maii
1018 1590 1123 1626 expleto
1141 1601 1208 1618 scru-

94 1629 160 1655 tinio
172 1629 322 1663 vespertino
335 1629 467 1663 ingressus
481 1634 520 1654 est
533 1626 602 1654 card.
618 1626 764 1654 Malvetius
779 1627 823 1659 (II,
840 1627 895 1658 45).
911 1628 1027 1662 Vespere
1045 1629 1055 1653 1
1074 1627 1134 1654 Iun.
1150 1634 1208 1662 post

94 1665 250 1691 scrutinium
266 1665 399 1699 ingressus
414 1670 453 1690 est
467 1662 537 1690 card.
554 1664 712 1690 Passioneus
729 1663 760 1694 (I,
777 1663 833 1694 29).
850 1665 867 1689 2
883 1663 944 1690 Iun.
961 1670 1067 1698 peracto
1082 1665 1209 1690 scrutinio

94 1701 207 1727 serotino
226 1701 358 1735 ingressus
378 1706 417 1726 est
437 1698 507 1728 card.
528 1699 693 1726 Rezzonicus
715 1699 745 1731 (I,
768 1699 823 1730 27).
845 1699 962 1734 Vespere
984 1700 998 1725 3
1020 1699 1081 1726 Iun.
1104 1706 1208 1734 peracto

93 1737 220 1762 scrutinio
240 1737 373 1770 ingressus
394 1742 433 1762 est
454 1733 524 1762 card.
548 1734 676 1762 Sersalius
699 1735 744 1766 (11,
769 1734 823 1766 54).
847 1735 860 1762 5
884 1735 946 1762 Iun.
969 1742 1028 1770 post
1050 1737 1207 1762 scrutinium

93 1773 273 1806 vespertinum
291 1773 399 1806 ingressi
418 1777 481 1797 sunt
498 1769 568 1797 card.
587 1771 757 1798 Crescentius
775 1770 820 1802 (II,
841 1770 877 1802 8),
898 1770 1069 1797 Serbellonus
1088 1771 1132 1802 (II,
1153 1770 1207 1802 39),

95 1806 247 1842 Stoppanus
265 1806 310 1838 (II,
328 1807 373 1838 40)
391 1814 417 1833 et
434 1806 597 1834 Bancherius
615 1806 660 1838 (II,
680 1806 733 1838 51).
752 1807 868 1841 Vespere
886 1807 901 1833 8
919 1806 980 1833 Iun.
998 1805 1104 1842 expleto
1120 1808 1209 1833 scruti-

95 1844 141 1869 nio
151 1844 306 1878 vespertino
323 1844 455 1878 ingressus
472 1850 511 1869 est
527 1841 597 1869 card.
616 1841 650 1870 de
666 1842 760 1869 Albert
777 1841 810 1870 de
828 1843 936 1878 Luynes
955 1842 999 1874 (II,
1018 1842 1074 1873 61).
1097 1844 1125 1869 ll
1148 1843 1208 1869 Iun.

141 1884 152 1904 t
171 1879 328 1905 scrutinium
350 1880 494 1905 serotinum
515 1880 623 1913 ingressi
644 1885 708 1905 sunt
727 1877 797 1905 card.
819 1877 1027 1905 Puteobonellus
1049 1878 1093 1910 (II,
1119 1879 1161 1909 ll)
1183 1885 1209 1905 et

120 1915 217 1941 otarius
236 1913 280 1945 (ΙΙ,
301 1914 355 1945 58).
374 1914 490 1949 Vespere
511 1914 543 1940 16
562 1914 623 1941 Iun.
642 1913 747 1949 expleto
765 1916 892 1941 scrutinio
909 1916 1060 1950 vespertino
1078 1916 1209 1949 ingressus

94 1956 134 1976 est
151 1948 220 1976 card.
240 1950 362 1976 Durinus
382 1950 426 1981 (ΙΙ,
447 1950 502 1981 42).
526 1951 557 1976 18
577 1950 638 1976 Iun.
693 1957 716 1976 st
734 1952 892 1977 scrutinium
913 1952 1057 1977 serotinum
1077 1952 1209 1985 ingressus

94 1992 133 2012 est
154 1984 225 2012 card.
249 1986 336 2012 Potier
359 1984 393 2012 de
417 1985 529 2012 Gesvres
553 1986 598 2017 (ΙΙ,
623 1986 679 2013 62.
705 1986 821 2021 Vespere
845 1987 881 2012 22
904 1986 966 2012 Iun.
991 1993 1097 2021 peracto
1120 1988 1208 2012 scruti-

94 2022 140 2047 nio
164 2023 297 2056 ingressus
321 2028 360 2048 est
385 2020 454 2048 card.
482 2020 636 2056 Delphinus
663 2021 707 2053 (II,
735 2022 790 2052 27).
818 2023 853 2048 24
880 2022 940 2048 Iun.
1003 2028 1026 2048 st
1051 2023 1207 2048 scrutinium

95 2056 631 2128 {3⁵53”Lfinpissiffvssssrfinfi‘isscissssssffl
645 2056 684 2120 ἐξ
702 2056 969 2125 «13ζὲὥέῗὲἳὲἳῖιὲ
978 2057 1065 2124 ῙᾏΞῗ)
1070 2057 1210 2120 ·⁶V1‘‡.⁵1''².¹.‘i

95 2129 221 2155 scrutinio
240 2130 389 2163 vespertino
408 2130 475 2155 circa
495 2128 586 2155 horam
608 2130 639 2155 21
662 2139 685 2155 c.
705 2127 818 2155 dimidio
836 2136 939 2155 creat-us
958 2136 997 2155 est
1016 2131 1046 2156 in
1065 2129 1209 2156 Summum

96 2163 172 2190 Pont.
190 2163 302 2191 Carolus
318 2171 347 2190 tt.
365 2164 392 2191 S.
410 2164 495 2191 Marci
512 2164 569 2200 pbr.
587 2163 656 2191 card.
675 2165 839 2192 Rezzonicus
856 2165 888 2197 (Ι,
906 2165 961 2196 27),
979 2167 1027 2200 qui
1044 2164 1093 2191 sibi
1111 2175 1210 2191 nomen

94 2201 221 2234 imposuit
236 2198 384 2227 Clementis
399 2200 470 2231 XIII,
488 2199 549 2227 licet
564 2199 611 2227 diu
627 2199 779 2227 reluctasset
794 2208 856 2228 ante
873 2203 1089 2236 acceptationem,
1107 2199 1140 2228 de
1156 2210 1210 2236 qua

95 2236 254 2262 insteterunt
270 2245 322 2262 em.
340 2234 374 2263 de
390 2235 455 2263 Ilcio
472 2236 504 2267 (Ι,
522 2236 568 2267 28)
586 2235 688 2268 decan„
707 2235 873 2263 adstantibus
891 2236 947 2263 aliis
965 2240 994 2263 in
1011 2235 1104 2264 ordine
1122 2238 1210 2271 priori-

95 2269 146 2297 bus
168 2280 265 2306 nempe
288 2271 444 2298 Passioneus
468 2272 499 2303 (Ι,
523 2272 569 2303 29)
593 2271 659 2307 pbr.,
683 2270 836 2299 Alexander
858 2271 980 2299 Albanus
1003 2271 1079 2303 diac„
1103 2282 1210 2299 necnon

96 2305 278 2342 Hieronymus
298 2306 433 2334 Columna
454 2307 499 2339 (II,
524 2308 566 2339 15)
588 2307 682 2335 8.Β.Ε,
702 2318 798 2335 camer.
819 2307 981 2335 Neoelectus
1001 2307 1112 2334 indutus
1133 2318 1166 2343 pa
1187 2317 1210 2334 a-

96 2340 166 2369 libus
184 2342 300 2369 vestibus
319 2342 353 2370 ad

391 2345 484 2370 rimam
504 2342 700 2370 oboedientiam
720 2343 827 2371 card.¹‘¹
848 2354 911 2371 exce
931 2346 959 2370 it.
980 2343 1038 2370 Em.
1059 2343 1164 2371 Alexan
1184 2353 1211 2370 er

95 2376 217 2405 Albanus
238 2381 338 2413 primus
912 2354 930 2406 fi

97 2413 220 2442 Secunda
241 2389 443 2443 oboedientlizc·a
450 2379 846 2452 pgglg‘ffinelzrczpaecsslgffniin
854 2378 1211 2451 {Qeczxdssato‘iibo‘ldeklgssbts

96 2458 135 2478 est
149 2453 179 2479 in
194 2451 248 2479 bas.
265 2452 430 2479 Vaticanam.
449 2453 572 2480 Intonato
589 2453 691 2489 hymno
710 2453 766 2480 «Te
784 2454 873 2480 Deum
880 2466 889 2477 n
911 2455 1013 2480 tertiam
1031 2452 1211 2480 exhibuerunt

96 2487 202 2515 card.¹‘'
224 2488 346 2516 Pontifici
367 2489 571 2517 oboedientiam.
593 2491 656 2524 Qua
676 2490 780 2526 expleta
802 2491 872 2526 Papa
894 2489 968 2517 dedit
987 2489 1210 2521 benedictionem,

97 2524 160 2553 inde
179 2525 240 2554 sede
258 2526 378 2554 manuali
398 2526 431 2554 ad
450 2537 511 2554 suas
528 2530 679 2555 mansiones
699 2527 796 2563 pontif.
817 2528 958 2554 Vaticanas
978 2527 1082 2555 delatus
1102 2534 1140 2555 est
1161 2527 1211 2559 (Ex

96 2563 184 2591 diariis
203 2564 301 2599 Ignatii
322 2563 397 2591 Reali
416 2566 447 2591 in
466 2566 523 2599 ipso
543 2563 662 2590 conclavi
683 2566 908 2590 caeremoniarum
929 2572 1008 2598 mag„
1030 2562 1111 2590 Arch.
1134 2563 1211 2590 Caer.

98 2602 132 2628 86
148 2600 239 2633 d;602
248 2611 274 2636 p.
288 2600 487 2632 1-6).C1emens
504 2601 556 2627 PP.
565 2601 637 2632 XIII,
655 2601 775 2628 Venetiis
791 2607 846 2627 nat.
864 2601 879 2627 7
897 2601 977 2627 Mart.
998 2601 1075 2632 1693,
1093 2602 1140 2635 qui
1157 2610 1211 2634 per-

96 2636 208 2665 durante
221 2637 339 2665 conclavi
352 2640 381 2665 in
391 2640 518 2665 scrutinio
530 2647 680 2673 numquam
694 2637 755 2672 plus
764 2647 845 2672 quarn
857 2638 872 2664 8
882 2644 942 2664 vota
952 2636 1054 2668 habuit,
1065 2636 1164 2664 electus
1174 2644 1212 2663 est

98 2675 225 2702 Summus
235 2676 312 2702 Pont.
322 2685 345 2702 c.
355 2677 421 2702 votis
432 2676 475 2707 31,
485 2674 550 2702 dum
561 2674 594 2702 de
604 2674 669 2702 Ilcio
677 2674 773 2702 habuit
781 2682 842 2701 vota
852 2676 877 2706 4,
888 2673 1032 2708 Guadagni
1046 2675 1068 2705 1,
1075 2674 1211 2708 Sacripan-

97 2719 135 2740 tes
151 2714 173 2744 l,
184 2713 363 2740 Portocarrero
376 2714 401 2744 2,
412 2712 553 2739 Paulutius
571 2714 592 2744 l,
604 2712 773 2739 Crescentius
791 2713 813 2743 1,
824 2712 946 2738 Durinus
957 2712 981 2743 3,
992 2710 1174 2746 praesentibus
1183 2713 1212 2737 in

97 2748 216 2776 conclavi
239 2752 274 2776 44
296 2760 348 2777 em.
372 2749 502 2781 Patribus;
525 2748 598 2776 unde
625 2751 657 2776 12
680 2749 805 2784 suffragia
829 2748 924 2775 habuit
946 2750 1083 2779 contraria,
1107 2749 1212 2782 proprio

98 2785 214 2822 dempto,
234 2786 306 2823 quod
325 2785 399 2814 dedit
417 2786 487 2813 card.
507 2787 669 2814 Crescentio.
689 2786 769 2818 Em.¹,
789 2788 837 2821 qui
856 2792 988 2812 venerunt
1007 2788 1036 2812 in
1055 2787 1211 2811 contrariam

98 2826 264 2856 sententiam,
278 2823 390 2851 fuerunt
402 2831 555 2859 sequentes:
575 2824 750 2859 Sacripantes,
765 2824 952 2854 Portocarrero,
967 2823 1131 2853 Passioneus,
1147 2822 1213 2848 Pau-

98 2860 189 2893 lutius,
206 2861 336 2893 Durinus,
354 2861 507 2893 Malvetius,
525 2860 722 2896 Argenvilliers,
740 2859 843 2891 Gallus,
862 2859 998 2891 Sersalius,
1017 2859 1121 2890 Musca,
1141 2859 1213 2885 Ursi-

99 2908 159 2931 nus,
181 2898 298 2926 Chisius.
321 2898 438 2926 Card.¹⁸·
462 2906 611 2934 praesentes
632 2901 662 2925 in
683 2897 802 2925 conclavi
825 2897 937 2924 fuerunt
959 2904 1111 2932 sequentes:
1140 2895 1207 2931 ep.‘:

99 2934 134 2963 de
155 2935 220 2963 Ilcio
243 2936 274 2967 (Ι,
298 2936 353 2968 28),
377 2935 522 2971 Guadagni
546 2935 577 2967 (I,
605 2936 656 2967 10),
682 2934 844 2971 Burghesius
868 2933 1036 2966 (Hierarchia
1060 2934 1093 2965 V,
1118 2932 1212 2960 S.R.E.

99 2971 169 3000 card.
186 2973 260 3005 VIII,
278 2973 333 3005 27),
351 2972 464 3008 Spinelli
482 2973 514 3004 (Ι,
532 2973 587 3004 20),
606 2973 772 3008 Sacripantes
791 2972 822 3004 (I,
842 2972 896 3003 35),
914 2972 1093 2998 Portocarrero
1112 2970 1156 3002 (II,
1178 2970 1212 3001 1);

100 3009 182 3046 pbr.‘:
208 3010 372 3038 Rezzonicus
393 3010 424 3042 (Ι,
446 3010 501 3042 27),
523 3011 681 3037 Passioneus
701 3010 732 3041 (Ι,
755 3010 810 3041 29),
832 3008 973 3036 Paulutius
995 3008 1039 3040 (II,
1062 3008 1098 3039 2),
1120 3006 1213 3035 Caval-

100 3046 196 3074 chinus
211 3047 256 3079 (ΙΙ,
273 3047 309 3079 4),
325 3046 421 3075 Oddus
437 3047 482 3079 (II,
498 3047 535 3079 6),
551 3047 649 3074 Lantes
664 3047 709 3079 (II,
726 3047 763 3078 7),
779 3047 949 3074 Crescentius
966 3046 1010 3077 (II,
1029 3045 1064 3077 8),
1081 3044 1114 3072 ab
1130 3045 1213 3071 Auria

102 3083 147 3116 (ΙΙ,
164 3083 201 3116 9),
219 3083 427 3112 Puteobonellus
445 3084 489 3117 (II,
511 3084 563 3116 11),
581 3084 765 3111 Tarnburinus
784 3083 828 3115 (II,
847 3083 902 3114 22),
921 3082 1076 3118 Delphinus
1094 3082 1139 3114 (11,
1157 3081 1213 3113 27),

1266 556 1280 572 a
1298 546 1408 573 Lanceis
1426 546 1470 578 (II,
1490 546 1544 578 36),
1562 545 1618 573 dux
1635 545 1779 573 Eboracen.
1798 547 1843 578 (ΙΙ,
1862 547 1916 578 37),
1935 547 2051 574 Feronus
2070 548 2114 580 (ΙΙ,
2134 548 2188 580 38),
2207 548 2377 576 Serbellonus

1267 581 1312 613 (ΙΙ,
1331 581 1385 613 39),
1403 582 1556 617 Stoppanus
1573 582 1617 613 (II,
1635 582 1690 613 40),
1707 582 1805 617 Tempi
1823 583 1867 614 (ΙΙ,
1885 583 1940 613 41),
1958 583 2079 610 Durinus
2097 584 2141 615 (11,
2159 584 2214 615 42),
2232 584 2378 619 Imperialis

1267 617 1312 649 (II,
1332 617 1387 648 44),
1408 617 1553 644 Malvetius
1574 618 1619 649 (II,
1639 618 1694 649 45),
1715 617 1903 652 Argenvilliers
1923 619 1967 650 (ΙΙ,
1988 619 2043 650 48),
2064 619 2158 646 Gallus
2180 620 2224 651 (II,
2245 620 2300 651 49),
2322 621 2378 647 Ser-

1266 652 1346 680 salius
1362 653 1407 684 (ΙΙ,
1425 653 1479 685 54),
1495 652 1641 680 Archintus
1658 654 1702 685 (II,
1722 654 1775 685 57),
1792 654 1914 680 Rotarius
1931 655 1975 686 (II,
1994 655 2047 686 58),
2065 654 2098 682 de
2113 655 2206 682 Albert
2222 654 2254 683 de
2271 656 2378 691 Luynes

1268 689 1312 720 (ΙΙ,
1331 688 1387 720 61),
1406 689 1494 716 Potier
1510 688 1543 716 de
1562 689 1674 716 Gesvres
1693 690 1737 720 (II,
1756 689 1811 721 62),
1831 689 1864 717 de
1882 689 1953 717 Rodt
1972 691 2016 722 (ΙΙ,
2036 691 2091 722 63);
2111 691 2203 718 diaes:
2227 691 2378 718 Alexander

1266 723 1389 751 Albanus
1407 724 1575 756 (Hierarchia
1593 725 1625 756 V,
1645 725 1738 752 S.R.E.
1757 724 1826 752 card.
1845 726 1905 757 VII,
1925 726 1960 757 3),
1980 727 2108 753 Corsinus
2126 727 2156 758 (Ι,
2177 727 2212 758 5),
2231 728 2326 754 Musca
2346 728 2377 758 (I,

1270 760 1321 792 12),
1338 760 1521 796 Hieronymus
1536 759 1671 788 Columna
1688 761 1732 792 (ΙΙ,
1752 761 1804 793 15),
1820 762 1930 796 Prosper
1945 761 2079 789 Columna
2095 761 2128 789 de
2144 763 2243 790 Sciarra
2261 763 2305 794 (II,
2326 763 2377 794 16),

1267 797 1383 824 Ursinus
1403 797 1448 829 (ΙΙ,
1468 797 1523 829 24),
1543 798 1657 824 Ioannes
1676 797 1829 825 Franciscus
1846 798 1968 825 Albanus
1988 799 2032 830 (ΙΙ,
2054 799 2108 831 34),
2128 799 2237 826 Chisius
2257 800 2301 832 (II,
2324 800 2377 831 50),

1267 832 1430 860 Bancherius
1452 833 1497 865 (II,
1521 833 1575 865 51),
1597 833 1770 869 Torrigianus
1793 834 1837 865 (II,
1862 834 1915 866 53).
1938 834 2055 862 Card.¹²⁸
2078 834 2139 862 vero
2160 838 2188 862 in
2211 836 2286 863 Urbe
2307 846 2378 871 prae<

1268 876 1362 900 sentes,
1381 868 1482 896 detenti
1499 869 1542 896 vel
1559 869 1592 896 ab
1609 869 1771 901 infirmitate,
1790 869 1831 896 vel
1850 872 1924 897 senio
1940 870 2063 902 confecti,
2102 873 2129 897 ui
2148 873 2258 898 minime
2277 874 2379 898 inventi

1267 912 1330 931 sunt
1353 904 1387 932 ad
1412 905 1547 932 pontificis
1571 905 1736 937 electionem,
1761 905 1873 932 fuerunt
1897 914 2049 941 sequentes:
2098 918 2112 934 e
2136 906 2226 934 Bardis
2252 908 2296 939 (II,
2322 907 2377 939 20),

1268 941 1386 967 Mesmer
1403 941 1447 973 (II,
1466 941 1511 972 32)
1530 941 1621 972 (Arch.
1639 942 1716 968 Caer.
1733 943 1768 968 90
1785 952 1810 976 p.
1829 942 1918 973 76-78;
1937 943 1970 968 86
1987 941 2024 973 d).

1341 978 1360 1010 ³)
1382 979 1433 1005 Die
1455 979 1597 1005 Dominica
1623 979 1654 1005 16
1677 978 1727 1006 Iul.
1753 980 1821 1006 1758
1844 982 1873 1006 in
1894 979 1964 1006 lodia
1985 980 2040 1006 bas.
2063 981 2207 1007 Vaticanae
2229 980 2380 1008 Alexander

1267 1013 1336 1041 card.
1358 1013 1481 1041 Albanus
1500 1013 1626 1041 diac.⁰¹¹'¹¹¹
1649 1017 1718 1050 prior
1739 1014 1850 1041 thiaram
1873 1025 1951 1051 super
1972 1023 2052 1051 caput
2074 1016 2221 1043 Clementis
2243 1017 2295 1043 ΡΡ.
2316 1017 2379 1043 XIII

1267 1052 1395 1085 imposuit
1412 1050 1504 1081 (Arch.
1522 1051 1599 1077 Caer.
1616 1052 1652 1077 90
1669 1061 1695 1086 p.
1715 1052 1822 1082 83-102;
1840 1052 1894 1077 602
1911 1062 1937 1086 p.
1959 1052 2056 1081 10-16).

1341 1085 1360 1117 ⁴)
1382 1088 1398 1112 2
1415 1085 1488 1113 Febr.
1509 1087 1586 1118 1769,
1602 1085 1636 1113 de
1651 1094 1729 1113 nocte
1743 1085 1866 1113 videlicet
1881 1086 1944 1113 hora
1962 1088 1986 1119 5,
2002 1087 2063 1114 licet
2079 1088 2206 1115 Summus
2222 1088 2299 1115 Pont.
2316 1091 2380 1123 opti-

1267 1135 1310 1152 me
1327 1124 1432 1156 valeret,
1451 1127 1523 1160 gravi
1540 1127 1683 1161 improviso
1698 1125 1791 1152 morbo
1808 1133 1942 1161 correptus
1959 1133 2005 1157 est,
2024 1133 2050 1153 et
2067 1134 2175 1162 repente
2193 1129 2268 1154 cessit
2286 1138 2300 1154 e
2317 1130 2378 1159 vita,

1267 1163 1324 1188 sine
1340 1168 1562 1188 sacramentorum
1578 1163 1738 1188 munimine.
1756 1162 1770 1188 3
1788 1161 1862 1188 Febr.
1878 1162 1942 1189 hora
1961 1163 1992 1188 17
2009 1162 2078 1189 facta
2094 1170 2132 1189 est
2148 1165 2291 1198 recognitio
2306 1162 2379 1190 cada-

1267 1199 1333 1223 veris
1360 1196 1495 1223 Pontificis
1540 1207 1568 1224 er
1592 1196 1662 1224 card.
1690 1198 1868 1224 Rezzonicurn
1896 1198 1989 1224 S.R.E.
2016 1201 2188 1225 camerarium
2216 1198 2380 1226 adstantibus

1266 1231 1366 1259 clericis
1386 1240 1412 1260 et
1432 1232 1517 1259 officia
1531 1233 1588 1260 'bus
1610 1233 1746 1260 Gamerae.
1768 1233 1854 1260 Praef.
1877 1233 2004 1261 Cubiculi
2026 1237 2090 1261 em.⁰
2112 1237 2252 1262 camerario
2274 1234 2380 1262 tradidit

1268 1267 1380 1295 anulum
1402 1270 1544 1303 piscatoris.
1565 1269 1643 1296 Circa
1663 1268 1755 1296 horam
1780 1271 1811 1296 19
1833 1268 1936 1304 pulsata
1957 1277 1995 1296 est
2016 1269 2142 1305 Capitolii
2163 1280 2292 1305 campana
2313 1273 2380 1297 sicut

1267 1311 1294 1330 et
1315 1303 1408 1331 eodem
1431 1311 1549 1340 ternpore
1571 1305 1653 1331 Urbis
1674 1312 1783 1332 ceterae.
1807 1304 1927 1332 Cadaver
1949 1305 2071 1332 defuncti
2095 1307 2181 1341 Papae
2204 1313 2256 1333 tota
2279 1305 2322 1333 die
2344 1316 2380 1333 re-

1268 1342 1365 1366 mansit
1383 1342 1412 1366 in
1431 1339 1506 1372 lecto,
1526 1340 1601 1367 nulla
1619 1340 1761 1368 accedente
1780 1351 1899 1376 persona,
1920 1344 2007 1368 ianuis
2025 1341 2150 1368 omnibus
2169 1344 2221 1368 iam
2241 1341 2335 1368 clausis
2355 1349 2380 1368 et

1268 1385 1282 1402 a
1300 1375 1429 1402 militibus
1446 1375 1582 1403 helveticis
1599 1376 1744 1403 custoditis.
1763 1379 1779 1403 4
1797 1377 1871 1404 Febr.
1890 1377 1952 1404 hora
1974 1379 2006 1403 12
2023 1379 2095 1404 iussu
2114 1377 2196 1412 praef.
2215 1377 2270 1404 Pal.
2288 1378 2380 1412 Apost.

1268 1418 1389 1446 apertum
1412 1419 1451 1439 est
1472 1414 1502 1438 in
1524 1412 1697 1447 pinacotheca
1720 1423 1767 1448 per
1789 1412 1946 1448 professores
1968 1412 2079 1439 cadaver
2102 1413 2244 1440 Pontificis.
2267 1413 2380 1440 Actione

1268 1449 1331 1476 hora
1357 1451 1389 1476 14
1412 1449 1515 1484 expleta
1538 1448 1648 1476 cadaver
1671 1451 1797 1475 amictum
1820 1449 1936 1475 vestibus
1960 1448 2097 1475 usualibus
2120 1451 2267 1484 expositum
2291 1456 2329 1475 est
2351 1451 2380 1475 in

1268 1485 1328 1512 aula
1343 1484 1377 1512 de
1392 1485 1507 1512 Maratta
1522 1495 1614 1516 nunc.,
1630 1484 1677 1511 ubi
1692 1495 1706 1511 a
1722 1486 1930 1520 poenitentiariis
1945 1484 1999 1511 bas.
2016 1485 2160 1511 Vaticanae
2176 1484 2380 1511 custodiebatur.

1270 1522 1343 1548 Hora
1363 1523 1476 1548 serotina
1496 1520 1651 1547 translatum
1671 1527 1709 1547 est
1729 1520 1804 1548 solito
1823 1523 1875 1547 ritu
1895 1531 1909 1547 a
1929 1520 1983 1547 Pal.
2004 1520 2139 1553 Quirinali
2160 1520 2192 1547 ad
2213 1520 2267 1547 Pal.
2288 1521 2379 1556 Apost.

1269 1558 1429 1584 Vaticanum
1446 1564 1472 1584 et
1487 1559 1515 1583 in
1530 1556 1631 1592 capella
1647 1556 1751 1583 Sixtina
1767 1558 1924 1591 expositum.
1943 1557 1955 1582 5
1975 1556 2048 1583 Febr.
2066 1556 2118 1583 fuit
2134 1559 2163 1583 in
2180 1556 2234 1583 Pal.
2251 1557 2380 1583 Vaticano

1269 1595 1298 1619 in
1315 1592 1375 1619 aula
1393 1599 1607 1628 paramentorum
1625 1594 1709 1627 prima
1727 1602 1815 1627 congr.
1833 1602 1902 1626 gen„
1920 1594 1950 1618 in
1967 1602 2020 1627 qua
2038 1594 2139 1627 primus
2156 1594 2380 1619 caeremoniarum

1269 1639 1337 1663 mag.
1365 1627 1477 1655 anulum
1504 1630 1638 1663 piscatoris
1664 1638 1678 1654 a
1705 1630 1847 1654 camerario
1872 1627 1966 1654 S.R.E.
1993 1634 2131 1662 acceptum
2157 1627 2242 1662 fregit.
2270 1627 2380 1662 Expleta

1269 1667 1371 1699 congr.³
1387 1663 1494 1690 card.¹‘¹¹
1511 1663 1569 1690 bini
1586 1670 1612 1690 et
1627 1663 1684 1690 bini
1700 1665 1808 1698 ingressi
1826 1670 1888 1690 sunt
1904 1662 2032 1698 capellam
2050 1663 2189 1694 Sixtinam,
2207 1673 2221 1690 a
2238 1673 2290 1698 qua
2307 1662 2381 1689 cada-

1269 1710 1314 1727 ver
1332 1699 1467 1726 Pontificis
1486 1699 1669 1735 processionali
1689 1702 1741 1726 ritu
1760 1698 1793 1726 ad
1812 1699 1866 1726 bas.
1886 1699 2041 1725 Vaticanam
2063 1698 2217 1726 translatum
2237 1706 2283 1725 est.
2304 1698 2380 1725 Facta

1269 1735 1435 1762 absolutione
1449 1737 1477 1762 in
1492 1734 1582 1762 medio
1594 1735 1674 1762 bas.¹⁹
1689 1745 1703 1762 a
1718 1737 1815 1761 vicario
1828 1735 1907 1761 bas.¹⁶
1943 1742 1988 1761 atr.
2006 1735 2120 1761 Lascaris
2137 1733 2253 1766 (card.¹⁰⁵
2270 1734 2381 1761 confuse

1269 1771 1463 1802 discesserunt),
1485 1770 1595 1798 cadaver
1615 1770 1732 1798 delatum
1754 1778 1792 1798 est
1812 1770 1845 1797 ad
1866 1745 1990 1797 sacellum
2013 1771 2070 1797 S.¹¹¹¹
2095 1771 2265 1802 Sacramenti,
2287 1770 2381 1797 clausis

1269 1807 1340 1835 illico
1364 1807 1488 1834 cancellis
1513 1814 1539 1834 et
1563 1814 1634 1834 extra
1659 1814 1831 1842 permanente
1856 1805 1974 1833 custodia
1999 1805 2114 1833 militurn
2140 1806 2338 1833 helveticorum.
2364 1806 2381 1832 6

1270 1843 1345 1870 Febr.
1367 1845 1395 1870 in
1417 1842 1496 1870 choro
1517 1845 1633 1869 can.⁰¹¹¹¹¹¹
1656 1843 1683 1869 S.
1706 1843 1775 1869 Petri
1797 1842 1887 1869 habita
1909 1849 1947 1869 est
1969 1841 2032 1868 hora
2058 1843 2088 1868 13
2111 1844 2195 1877 prima
2217 1841 2381 1868 novendialis

1269 1881 1356 1910 missa,
1377 1889 1459 1914 quam
1479 1881 1576 1905 cecinit
1596 1888 1647 1905 ern.
1669 1879 1781 1905 Ioannes
1802 1878 1955 1905 Franciscus
1975 1877 2097 1904 Albanus
2118 1888 2159 1913 ep.
2182 1878 2317 1909 Sabinen.,
2340 1877 2381 1904 ab·

1269 1922 1343 1942 sente
1358 1922 1414 1941 turn
1429 1925 1480 1941 em.
1495 1913 1595 1941 decano
1609 1916 1683 1941 senio
1696 1913 1826 1945 confecto,
1842 1921 1899 1940 tum
1914 1924 1965 1941 em.
1981 1913 2141 1940 sub-decano
2156 1916 2282 1948 tantisper
2297 1923 2381 1948 aegro

1271 1958 1351 1977 tante.
1375 1951 1390 1977 8
1414 1950 1488 1977 Febr.
1511 1957 1589 1977 nocte
1611 1949 1674 1977 hora
1697 1952 1732 1976 22
1755 1949 1872 1977 delatum
1896 1957 1934 1977 est
1955 1949 2066 1977 cadaver
2088 1949 2222 1976 Pontificis
2245 1960 2259 1976 e
2281 1949 2381 1984 capella

1271 1986 1328 2013 S.¹¹¹¹
1354 1987 1517 2013 Sacramenti
1539 1985 1572 2012 ad
1593 1985 1713 2012 chorum.
1736 1986 1794 2012 Vic.
1815 1986 1895 2012 bas-¹⁹
1917 1984 2082 2012 adstantibus
2104 1985 2238 2012 Pontificis
2260 1984 2381 2012 defuncti

1269 2021 1375 2048 card.''“'
1394 2024 1518 2048 creaturis
1534 2020 1672 2048 benedixit
1688 2031 1802 2056 capsam,
1821 2020 1931 2048 cadaver
1948 2021 2104 2048 collocatum
2123 2028 2161 2048 est
2179 2031 2256 2056 supra
2274 2020 2381 2052 lectum,

1270 2057 1350 2092 vulgo
1369 2058 1537 2093 Trappunto.
1559 2056 1638 2084 Card.
1660 2057 1824 2084 Rezzonicus
1844 2058 1931 2092 Papae
1952 2067 2033 2092 nepos
2054 2056 2148 2083 faciem
2170 2056 2304 2083 Pontificis
2324 2055 2382 2082 velo

1270 2093 1330 2120 albo
1345 2095 1480 2128 cooperuit
1496 2100 1521 2120 et
1536 2095 1627 2128 positis
1641 2092 1675 2120 de
1690 2103 1761 2120 more
1778 2093 1983 2119 numismatibus
1999 2095 2091 2123 aureiS‚
2109 2094 2237 2127 argenteis
2253 2099 2279 2118 et
2294 2094 2382 2118 aeneis

1270 2128 1465 2200 Ξὲῗὲἰρξὲἷῑῖ
1477 2136 1615 2192 ῗςῖιῗῖἒὲῗὲ
1627 2127 2382 2199 2ss2effsshss'ffff‘ssmesssse‘ssissffiffinssisskfissssrmss’ossffi-

1271 2208 1309 2227 tos
1325 2175 1447 2227 Fabricae
1462 2203 1592 2235 operarios
1606 2199 1692 2227 delata
1708 2207 1746 2227 est
1761 2203 1790 2227 in
1805 2200 1892 2226 locum
1908 2210 1989 2235 prope
2004 2199 2123 2230 chorum,
2140 2202 2247 2226 nemine
2264 2198 2382 2226 adstante

1270 2235 1388 2263 familiae
1404 2236 1563 2271 pontificiae,
1581 2246 1642 2263 cum
1659 2246 1751 2263 omnes
1767 2246 1821 2263 esse
1838 2235 1991 2262 debuissent
2007 2246 2029 2262 c.
2046 2235 2128 2271 praef.
2146 2234 2272 2262 Cubiculi
2290 2234 2381 2266 (Arch.

1272 2272 1348 2299 Caer.
1365 2273 1400 2298 90
1416 2282 1441 2307 p.
1461 2272 1596 2303 109-133).
1614 2272 1654 2299 M.
1671 2272 1706 2299 Se
1726 2279 1744 2298 t.
1764 2273 1833 2298 1774
1848 2271 1958 2298 cadaver
1974 2271 2121 2298 Clementis
2138 2272 2188 2297 ΡΡ.
2205 2271 2266 2297 XIII
2284 2270 2316 2297 ab
2333 2270 2382 2297 hoc

1271 2307 1328 2334 loco
1345 2315 1475 2334 remotum
1492 2314 1518 2334 et
1534 2309 1563 2334 in
1579 2317 1687 2342 specum
1705 2282 1822 2334 gelatum
1840 2314 1886 2338 est,
1904 2318 1935 2334 eo
1951 2306 2023 2342 quod
2040 2306 2150 2333 cadaver
2167 2306 2313 2333 Clementis
2330 2306 2381 2332 ΡΡ.

1271 2344 1333 2370 XIV
1349 2344 1384 2370 27
1401 2344 1474 2378 Sept.
1494 2344 1563 2369 1774
1578 2346 1607 2369 in
1623 2342 1693 2369 dicto
1709 2342 1767 2369 loco
1783 2342 1944 2369 tumulatum
1962 2349 2000 2369 est
2017 2342 2108 2373 (Arch.
2125 2343 2201 2369 Caer.
2219 2343 2254 2368 90
2271 2341 2290 2368 f.
2309 2341 2380 2372 312).

1346 2381 1487 2414 Quaedam
1507 2379 1691 2407 adnotationes
1711 2381 1861 2414 praesertim
1883 2388 1914 2404 mc
1934 2380 1997 2404 actis
2017 2380 2121 2404 consist.
2142 2377 2324 2412 depromptae:
2350 2377 2382 2402 In

1271 2420 1356 2453 primo
1372 2419 1476 2444 consist.
1493 2423 1590 2443 secreto
1609 2417 1640 2441 19
1656 2414 1707 2441 Iul.
1727 2415 1795 2441 1758
1812 2414 1902 2441 habito
1918 2413 2044 2441 Clemens
2060 2414 2111 2439 ΡΡ.
2127 2413 2188 2439 XIII
2205 2412 2318 2447 eleganti
2335 2422 2382 2438 ser-

1272 2463 1351 2480 mone
1369 2455 1463 2487 gratias
1480 2454 1534 2487 egit
1551 2450 1657 2478 card.²'¹¹³
1677 2450 1710 2477 de
1729 2461 1775 2477 sua
1795 2449 1827 2477 ad
1846 2460 1981 2476 summum
2001 2449 2184 2484 pontificatum
2204 2450 2382 2483 assumptione

1273 2489 1335 2520 (AC
1350 2489 1382 2515 35
1400 2487 1419 2514 f.
1439 2487 1573 2519 125<126‘)
1590 2494 1616 2514 et
1630 2489 1659 2513 in
1675 2486 1728 2513 fine
1743 2485 1862 2513 eiusdem
1878 2487 1982 2512 consist.
2000 2485 2056 2511 S.S.
2073 2487 2168 2511 iuravit
2183 2485 2382 2511 constitutiones

1272 2524 1683 2594 ipi⁵2ti>q¹iifcssiisi¹s¹t¹⁰⁶s¹ss¹cffssssff
1696 2534 1718 2587 1p
1714 2534 1735 2587 1⁰
1736 2522 1826 2587 ”stssfiie
1838 2524 2103 2586 Ῑῗεέᾖιῖἓῖῑῗέῗῖἶῗ·
2114 2523 2193 2585 ³3³3?
2211 2519 2383 2584 ffiffitffincil

1272 2599 1370 2627 versale
1386 2598 1541 2630 iubilaeum,
1559 2597 1632 2634 quod
1648 2597 1681 2624 de
1696 2607 1768 2624 more
1780 2571 1843 2632 Fpost
1860 2598 2066 2631 assumptionem
2084 2594 2117 2622 ad
2133 2594 2317 2630 pontificatum
2335 2595 2383 2629 pri-

1272 2647 1346 2664 mum
1372 2647 1387 2664 a
1410 2635 1581 2671 pontificibus
1606 2635 1733 2662 Romanis
1757 2633 1791 2661 ad
1814 2632 2011 2669 implorandum
2036 2632 2158 2659 divinum
2183 2631 2312 2658 auxilium
2337 2641 2383 2666 pro

1273 2674 1379 2701 salutari
1397 2674 1424 2701 S.
1443 2672 1574 2700 Ecclesiae
1591 2671 1671 2699 Cath.
1689 2673 1817 2707 regimine
1834 2670 1963 2706 publicari
1981 2669 2045 2696 solet
2063 2669 2091 2701 (1.
2108 2679 2131 2696 c.
2149 2668 2168 2695 f.
2190 2667 2333 2698 138-138‘).
2351 2667 2384 2693 In

1273 2714 1378 2738 consist.
1398 2717 1496 2738 secreto
1516 2712 1533 2736 2
1553 2710 1614 2737 Oct.
1638 2710 1706 2736 1758
1726 2708 1818 2735 habito
1838 2709 1909 2735 S.''¹¹¹⁵
1932 2708 2006 2734 D.N.
2027 2709 2171 2733 orationem
2192 2705 2286 2732 habuit
2307 2714 2384 2739 super

1272 2751 1441 2776 concessione
1460 2747 1531 2774 tituli
1554 2746 1750 2782 «Apostolicae»
1775 2745 1864 2772 favore
1884 2745 1986 2772 Mariae
2006 2744 2148 2771 Theresiae
2169 2746 2207 2770 uti
2229 2743 2384 2777 Hungariae

1273 2787 1553 2857 iegi22⁸i4⁰9e>tessffi
1568 2787 1600 2847 ἷέ)
1601 2784 1902 2847 ⁵22⁵...E‘1‘31'2525523flff5
1901 2782 2083 2845 ffirssisffiuf
2079 2820 2095 2844 9
2103 2791 2179 2853 ῗζῗζ
2181 2780 2261 2844 ⁸⁵3³?
2260 2790 2280 2843 ἒ
2283 2779 2384 2843 ³112.ssss

1274 2856 2007 2929 {1³352121222m3..¹31¹5323.5⁶1³ss¹13321.¹{Zsssslffffafstissii
2025 2854 2383 2926 ᾎῖἶῐζιῖῐῖὃῗῗάξῗεξῖἳῗέἰέ

1274 2934 1377 2961 Veneta
1396 2935 1425 2959 in
1444 2931 1634 2959 detrimentum
1654 2933 1752 2958 iurium
1773 2931 1800 2957 S.
1820 2929 1895 2957 Sedis
1916 2930 1978 2962 (AC
1998 2931 2029 2956 35
2052 2929 2071 2956 f.
2095 2930 2238 2959 Iso-152⁴).
2262 2931 2293 2955 12
2313 2929 2383 2954 Nov.

1277 2971 1345 2997 1758
1367 2970 1423 2997 S.S.
1443 2969 1588 2996 solemnem
1608 2970 1797 3004 possessionem
1818 2970 1918 3002 accepit
1937 2967 1991 2994 bas.
2012 2967 2168 2993 Lateranen.
2191 2967 2292 2997 (Diario
2312 2966 2382 2991 6453

1274 3018 1300 3070 p.
1317 3007 1400 3038 2-31).
1415 3007 1448 3033 In
1464 3008 1568 3033 consist.
1585 3012 1683 3032 secreto
1700 3006 1714 3031 3
1732 3005 1804 3039 Sept.
1825 3005 1892 3031 1759
1910 3003 2001 3030 habito
2017 3004 2088 3030 S.“¹¹¹¹
2107 3004 2181 3030 D.N.
2198 3003 2384 3030 allocutionem

1295 3044 1369 3071 abuit
1388 3042 1421 3071 de
1441 3043 1515 3070 obitu
1536 3041 1696 3069 Ferdinandi
1716 3044 1782 3077 regis
1801 3041 1870 3068 cath.
1893 3041 1954 3073 (AC
1974 3042 2006 3067 35
2029 3040 2048 3067 f.
2070 3041 2207 3071 221224).
2229 3041 2260 3066 In
2280 3042 2384 3066 consist.

1275 3088 1373 3108 secreto
1392 3081 1427 3107 28
1446 3080 1503 3107 Ian.
1526 3080 1595 3106 1760
1614 3079 1706 3106 habito
1725 3079 1781 3106 S.S.
1801 3078 1988 3105 allocutionem
2008 3077 2102 3104 habuit
2121 3087 2199 3113 super
2218 3079 2384 3104 concessione
