2548 3464
194 200 270 233 VIII
1253 197 1407 231 Praefatio

193 327 286 356 etiarn
308 323 481 367 sumptibus
503 325 646 355 emeritae
669 322 790 355 Domus
813 322 986 355 Editorialis
1012 322 1055 355 «Il
1079 322 1277 366 Messaggero
1299 322 1331 355 di
1358 322 1387 355 S.
1414 322 1570 355 Antonio»
1599 323 1765 355 Patavinae
1790 323 1969 355 Provinciae
1996 323 2026 356 S.
2053 322 2184 356 Antonii
2209 323 2350 357 Fratrum
2375 324 2480 358 Mino-

192 389 263 409 rum
285 376 550 409 Conventualium
573 375 707 420 perfecta
731 384 783 408 est.

316 430 480 467 Postremo,
505 428 680 461 iucundum
704 428 793 461 nobis
817 437 862 461 est
885 431 997 460 iterum
1021 427 1161 472 publicas
1185 439 1274 472 agere
1297 430 1411 471 gratias
1426 428 1507 460 Viris
1524 427 1737 460 Illustrissimis
1753 440 1787 460 ac
1804 428 2077 462 Reverendissimis
2093 428 2243 462 defuncto
2258 428 2381 473 Angelo
2397 430 2479 462 Mer-

192 485 251 514 cati
277 482 309 523 (†
323 482 421 520 1955),
446 481 604 514 Tabularii
629 482 771 514 Vaticani
797 481 964 520 Praefecto,
990 484 1119 525 eiusque
1144 484 1306 513 successori
1336 481 1475 513 Martino
1498 481 1611 519 Giusti,
1636 484 1690 524 qui
1714 484 1983 525 pervestigationes
2006 481 2162 515 historicas
2186 485 2219 514 in
2242 481 2353 515 eodem
2375 482 2479 516 Tabu-

192 535 267 567 lario
289 535 439 567 Vaticano
463 547 518 578 pro
541 537 770 578 praeparatione
794 534 889 566 huius
912 534 1079 566 voluminis
1103 533 1253 567 faciliores
1276 533 1491 572 reddiderunt,
1507 542 1538 566 et
1554 534 1693 566 Henrico
1709 534 1823 573 Dante,
1839 534 2114 567 Caeremoniarum
2130 534 2377 579 Apostolicarum
2392 535 2479 568 Prae-

192 589 282 627 fecto,
309 591 397 620 cuius
423 591 533 620 eximia
559 587 739 620 liberalitate
763 587 934 619 Archivum
960 586 1174 619 praefecturae
1200 587 1478 619 Caeremoniarum
1506 586 1752 630 Apostolicarum
1780 590 1961 630 perscrutari
1990 587 2085 620 licuit.
2117 587 2249 620 Eosdem
2278 591 2354 632 grati
2383 590 2479 621 animi

193 653 299 673 sensus
323 640 457 684 proferre
481 640 625 673 volumus
648 640 792 672 omnibus
817 642 945 684 egregiis
968 640 1058 678 Viris,
1084 642 1138 684 qui
1164 642 1197 671 in
1222 639 1378 683 perarduo
1397 639 1500 672 labore
1519 639 1735 683 prosequendo
1756 639 1937 672 adiutricem
1957 639 2046 672 nobis
2067 652 2197 673 manum
2217 649 2389 684 utcumque
2409 652 2479 674 con-

195 693 340 726 tulerunt.

192 817 323 854 ROMAE,
345 819 378 848 in
399 816 450 848 die
469 815 548 849 festo
569 816 771 855 Pentecostes‚
793 815 844 848 die
864 816 902 847 25
925 818 1039 848 mensis
1060 815 1140 848 Maii
1163 818 1237 848 anni
1259 815 1479 848 MCMLVIII

1714 966 1747 998 P.
1777 965 1996 998 REMIGIUS
2025 966 2218 1005 RITZLER,
2247 966 2476 1003 O.F.M.Gonv.

1714 1019 1747 1051 P.
1785 1019 2008 1052 PIRMINUS
2046 1019 2210 1058 SEFRIN,
2247 1019 2477 1054 O.F.M.Gonv.
