<?xml version="1.0" encoding="UTF-8"?>
<!DOCTYPE html PUBLIC "-//W3C//DTD XHTML 1.0 Transitional//EN"
    "http://www.w3.org/TR/xhtml1/DTD/xhtml1-transitional.dtd">
<html xmlns="http://www.w3.org/1999/xhtml" xml:lang="en" lang="en">
 <head>
  <title>
</title>
<meta http-equiv="Content-Type" content="text/html;charset=utf-8" />
  <meta name='ocr-system' content='tesseract 3.04.00' />
  <meta name='ocr-capabilities' content='ocr_page ocr_carea ocr_par ocr_line ocrx_word'/>
</head>
<body>
  <div class='ocr_page' id='page_1' title='image "./hierarchiacathol06eubeuoft_0013.png"; bbox 0 0 2548 3464; ppageno 0'>
   <div class='ocr_carea' id='block_1_1' title="bbox 0 1100 29 1243">
    <p class='ocr_par' dir='ltr' id='par_1_1' title="bbox 0 1100 29 1243">
     <span class='ocr_line' id='line_1_1' title="bbox 0 1100 29 1243; baseline 0 2221"><span class='ocrx_word' id='word_1_1' title='bbox 0 1100 29 1243; x_wconf 95' lang='lat' dir='ltr'> </span> 
     </span>
    </p>
   </div>
   <div class='ocr_carea' id='block_1_2' title="bbox 65 1346 192 1380">
    <p class='ocr_par' dir='ltr' id='par_1_2' title="bbox 0 1339 244 1390">
     <span class='ocr_line' id='line_1_2' title="bbox 65 1346 192 1380; baseline 0.004 -2.734"><span class='ocrx_word' id='word_1_2' title='bbox 65 1358 90 1379; x_wconf 93' lang='lat' dir='ltr'>c.</span> <span class='ocrx_word' id='word_1_3' title='bbox 113 1346 192 1380; x_wconf 87' lang='lat' dir='ltr'>decr.</span> 
     </span>
    </p>
   </div>
   <div class='ocr_carea' id='block_1_3' title="bbox 0 616 88 1030">
    <p class='ocr_par' dir='ltr' id='par_1_3' title="bbox 0 616 88 1030">
     <span class='ocr_line' id='line_1_3' title="bbox 0 616 42 711; baseline 0 0"><span class='ocrx_word' id='word_1_4' title='bbox 0 616 42 711; x_wconf 95' lang='lat' dir='ltr'>  </span> 
     </span>
     <span class='ocr_line' id='line_1_4' title="bbox 0 711 88 845; baseline 0 0"><span class='ocrx_word' id='word_1_5' title='bbox 0 711 88 845; x_wconf 95' lang='lat' dir='ltr'>    </span> 
     </span>
     <span class='ocr_line' id='line_1_5' title="bbox 0 845 65 1030; baseline 0 -117"><span class='ocrx_word' id='word_1_6' title='bbox 0 845 65 1030; x_wconf 95' lang='lat' dir='ltr'>  </span> 
     </span>
    </p>
   </div>
   <div class='ocr_carea' id='block_1_4' title="bbox 0 1082 190 1131">
    <p class='ocr_par' dir='ltr' id='par_1_4' title="bbox 0 1078 240 1131">
     <span class='ocr_line' id='line_1_6' title="bbox 0 1082 190 1131; baseline -0.008 -16"><span class='ocrx_word' id='word_1_7' title='bbox 0 1100 30 1131; x_wconf 62' lang='lat' dir='ltr'>I</span> <span class='ocrx_word' id='word_1_8' title='bbox 65 1094 90 1115; x_wconf 87' lang='lat' dir='ltr'>c.</span> <span class='ocrx_word' id='word_1_9' title='bbox 111 1082 190 1115; x_wconf 91' lang='lat' dir='ltr'>decr.</span> 
     </span>
    </p>
   </div>
   <div class='ocr_carea' id='block_1_5' title="bbox 1014 207 2350 252">
    <p class='ocr_par' dir='ltr' id='par_1_5' title="bbox 1014 207 2350 252">
     <span class='ocr_line' id='line_1_7' title="bbox 1014 207 2350 252; baseline 0.001 -12"><span class='ocrx_word' id='word_1_10' title='bbox 1014 207 1097 252; x_wconf 87' lang='lat' dir='ltr'>Sigla</span> <span class='ocrx_word' id='word_1_11' title='bbox 1115 216 1146 240; x_wconf 89' lang='lat' dir='ltr'>et</span> <span class='ocrx_word' id='word_1_12' title='bbox 1164 207 1406 241; x_wconf 80' lang='lat' dir='ltr'>abbreviationes</span> <span class='ocrx_word' id='word_1_13' title='bbox 2306 209 2350 241; x_wconf 91' lang='lat' dir='ltr'>XI</span> 
     </span>
    </p>
   </div>
   <div class='ocr_carea' id='block_1_6' title="bbox 64 332 1175 896">
    <p class='ocr_par' dir='ltr' id='par_1_6' title="bbox 67 332 845 370">
     <span class='ocr_line' id='line_1_8' title="bbox 67 332 845 370; baseline -0.006 -1"><span class='ocrx_word' id='word_1_14' title='bbox 67 336 143 370; x_wconf 81' lang='lat' dir='ltr'>S.&#39;¹¹&#39;¹¹</span> <span class='ocrx_word' id='word_1_15' title='bbox 160 334 247 368; x_wconf 92' lang='lat' dir='ltr'>D.N.</span> <span class='ocrx_word' id='word_1_16' title='bbox 267 348 304 363; x_wconf 69' lang='grc' dir='ltr'>Ξ</span> <span class='ocrx_word' id='word_1_17' title='bbox 324 334 539 367; x_wconf 87' lang='lat' dir='ltr'>Sanctissimus</span> <span class='ocrx_word' id='word_1_18' title='bbox 556 333 713 365; x_wconf 86' lang='lat' dir='ltr'><strong>Dominus</strong></span> <span class='ocrx_word' id='word_1_19' title='bbox 730 332 845 364; x_wconf 87' lang='lat' dir='ltr'>Noster</span> 
     </span>
    </p>

    <p class='ocr_par' dir='ltr' id='par_1_7' title="bbox 66 377 488 414">
     <span class='ocr_line' id='line_1_9' title="bbox 66 377 488 414; baseline -0.009 -1"><span class='ocrx_word' id='word_1_20' title='bbox 66 379 199 414; x_wconf 92' lang='lat' dir='ltr'>subdiac.</span> <span class='ocrx_word' id='word_1_21' title='bbox 222 393 259 408; x_wconf 94' lang='lat'><strong><em>=</em></strong></span> <span class='ocrx_word' id='word_1_22' title='bbox 281 377 488 411; x_wconf 89' lang='lat' dir='ltr'>subdiaconus</span> 
     </span>
    </p>

    <p class='ocr_par' dir='ltr' id='par_1_8' title="bbox 65 418 1175 511">
     <span class='ocr_line' id='line_1_10' title="bbox 65 418 1175 467; baseline -0.006 -10"><span class='ocrx_word' id='word_1_23' title='bbox 65 423 187 467; x_wconf 87' lang='lat' dir='ltr'>suffrag.</span> <span class='ocrx_word' id='word_1_24' title='bbox 210 437 246 452; x_wconf 94' lang='lat'><strong><em>=</em></strong></span> <span class='ocrx_word' id='word_1_25' title='bbox 267 421 480 466; x_wconf 82' lang='lat' dir='ltr'>suffraganeus</span> <span class='ocrx_word' id='word_1_26' title='bbox 499 423 660 465; x_wconf 88' lang='lat' dir='ltr'>episcopus</span> <span class='ocrx_word' id='word_1_27' title='bbox 679 420 728 452; x_wconf 81' lang='lat' dir='ltr'>vel</span> <span class='ocrx_word' id='word_1_28' title='bbox 748 419 941 463; x_wconf 84' lang='lat' dir='ltr'>suffraganea</span> <span class='ocrx_word' id='word_1_29' title='bbox 960 418 1095 457; x_wconf 88' lang='lat' dir='ltr'>ecclesia,</span> <span class='ocrx_word' id='word_1_30' title='bbox 1116 419 1175 451; x_wconf 60' lang='lat' dir='ltr'>suf&gt;</span> 
     </span>
     <span class='ocr_line' id='line_1_11' title="bbox 146 467 283 511; baseline -0.015 -11"><span class='ocrx_word' id='word_1_31' title='bbox 146 467 283 511; x_wconf 79' lang='lat' dir='ltr'>fragatur</span> 
     </span>
    </p>

    <p class='ocr_par' dir='ltr' id='par_1_9' title="bbox 65 509 547 555">
     <span class='ocr_line' id='line_1_12' title="bbox 65 509 547 555; baseline -0.008 -10"><span class='ocrx_word' id='word_1_32' title='bbox 65 510 226 555; x_wconf 77' lang='lat' dir='ltr'>suffrag.‘“&#39;</span> <span class='ocrx_word' id='word_1_33' title='bbox 246 524 282 539; x_wconf 92' lang='lat'>=</span> <span class='ocrx_word' id='word_1_34' title='bbox 302 509 547 553; x_wconf 81' lang='lat' dir='ltr'>suffraganeams</span> 
     </span>
    </p>

    <p class='ocr_par' dir='ltr' id='par_1_10' title="bbox 67 553 653 589">
     <span class='ocr_line' id='line_1_13' title="bbox 67 553 653 589; baseline -0.007 0"><span class='ocrx_word' id='word_1_35' title='bbox 67 556 151 589; x_wconf 90' lang='lat' dir='ltr'>Sum.</span> <span class='ocrx_word' id='word_1_36' title='bbox 172 555 260 587; x_wconf 89' lang='lat' dir='ltr'>Pont.</span> <span class='ocrx_word' id='word_1_37' title='bbox 282 568 319 583; x_wconf 93' lang='lat'><strong><em>=</em></strong></span> <span class='ocrx_word' id='word_1_38' title='bbox 341 554 489 586; x_wconf 88' lang='lat' dir='ltr'>Summus</span> <span class='ocrx_word' id='word_1_39' title='bbox 508 553 653 585; x_wconf 81' lang='lat' dir='ltr'>Pontifex</span> 
     </span>
    </p>

    <p class='ocr_par' dir='ltr' id='par_1_11' title="bbox 65 597 687 644">
     <span class='ocr_line' id='line_1_14' title="bbox 65 597 687 644; baseline -0.008 -10"><span class='ocrx_word' id='word_1_40' title='bbox 65 598 193 644; x_wconf 83' lang='lat' dir='ltr'>supplic.</span> <span class='ocrx_word' id='word_1_41' title='bbox 219 612 256 628; x_wconf 82' lang='lat'>=</span> <span class='ocrx_word' id='word_1_42' title='bbox 280 597 472 642; x_wconf 85' lang='lat' dir='ltr'>supplicatiO‚</span> <span class='ocrx_word' id='word_1_43' title='bbox 496 597 687 641; x_wconf 87' lang='lat' dir='ltr'>supplicatur</span> 
     </span>
    </p>

    <p class='ocr_par' dir='ltr' id='par_1_12' title="bbox 65 641 918 688">
     <span class='ocr_line' id='line_1_15' title="bbox 65 641 918 688; baseline -0.005 -12"><span class='ocrx_word' id='word_1_44' title='bbox 65 642 193 688; x_wconf 88' lang='lat' dir='ltr'>supplic.</span> <span class='ocrx_word' id='word_1_45' title='bbox 212 655 234 675; x_wconf 94' lang='lat' dir='ltr'>r.</span> <span class='ocrx_word' id='word_1_46' title='bbox 254 642 360 675; x_wconf 92' lang='lat' dir='ltr'>Polon.</span> <span class='ocrx_word' id='word_1_47' title='bbox 382 656 418 671; x_wconf 68' lang='grc' dir='ltr'><strong>Ξ</strong></span> <span class='ocrx_word' id='word_1_48' title='bbox 439 641 630 685; x_wconf 88' lang='lat' dir='ltr'>supplicatur</span> <span class='ocrx_word' id='word_1_49' title='bbox 648 653 666 673; x_wconf 90' lang='lat' dir='ltr'>a</span> <span class='ocrx_word' id='word_1_50' title='bbox 682 653 754 684; x_wconf 85' lang='lat' dir='ltr'>rege</span> <span class='ocrx_word' id='word_1_51' title='bbox 772 641 918 673; x_wconf 90' lang='lat' dir='ltr'>Poloniae</span> 
     </span>
    </p>

    <p class='ocr_par' dir='ltr' id='par_1_13' title="bbox 66 686 477 721">
     <span class='ocr_line' id='line_1_16' title="bbox 66 686 477 721; baseline -0.007 0"><span class='ocrx_word' id='word_1_52' title='bbox 66 687 196 721; x_wconf 85' lang='lat' dir='ltr'>thesaur.</span> <span class='ocrx_word' id='word_1_53' title='bbox 216 701 252 715; x_wconf 74' lang='lat' dir='ltr'><strong><em>z</em></strong></span> <span class='ocrx_word' id='word_1_54' title='bbox 271 686 477 718; x_wconf 89' lang='lat' dir='ltr'>thesaurarius</span> 
     </span>
    </p>

    <p class='ocr_par' dir='ltr' id='par_1_14' title="bbox 64 728 913 773">
     <span class='ocr_line' id='line_1_17' title="bbox 64 728 913 773; baseline -0.006 -8"><span class='ocrx_word' id='word_1_55' title='bbox 64 731 184 765; x_wconf 84' lang='lat' dir='ltr'>T.O.R.</span> <span class='ocrx_word' id='word_1_56' title='bbox 207 745 243 760; x_wconf 91' lang='lat'><strong><em>=</em></strong></span> <span class='ocrx_word' id='word_1_57' title='bbox 264 730 362 762; x_wconf 92' lang='lat' dir='ltr'>Tertii</span> <span class='ocrx_word' id='word_1_58' title='bbox 382 729 511 762; x_wconf 89' lang='lat' dir='ltr'>Ordinis</span> <span class='ocrx_word' id='word_1_59' title='bbox 530 728 689 773; x_wconf 85' lang='lat' dir='ltr'>Regularis</span> <span class='ocrx_word' id='word_1_60' title='bbox 711 729 740 761; x_wconf 88' lang='lat' dir='ltr'>S.</span> <span class='ocrx_word' id='word_1_61' title='bbox 762 729 913 761; x_wconf 88' lang='lat' dir='ltr'>Francisci</span> 
     </span>
    </p>

    <p class='ocr_par' dir='ltr' id='par_1_15' title="bbox 65 773 735 812">
     <span class='ocr_line' id='line_1_18' title="bbox 65 773 735 812; baseline -0.006 -4"><span class='ocrx_word' id='word_1_62' title='bbox 65 784 100 808; x_wconf 92' lang='lat' dir='ltr'>tr.</span> <span class='ocrx_word' id='word_1_63' title='bbox 121 789 157 805; x_wconf 87' lang='lat'>=</span> <span class='ocrx_word' id='word_1_64' title='bbox 178 774 343 812; x_wconf 85' lang='lat' dir='ltr'>translatio,</span> <span class='ocrx_word' id='word_1_65' title='bbox 363 773 535 811; x_wconf 89' lang='lat' dir='ltr'>translatus,</span> <span class='ocrx_word' id='word_1_66' title='bbox 555 773 735 805; x_wconf 79' lang='lat' dir='ltr'>transfertur</span> 
     </span>
    </p>

    <p class='ocr_par' dir='ltr' id='par_1_16' title="bbox 66 818 284 853">
     <span class='ocr_line' id='line_1_19' title="bbox 66 818 284 853; baseline -0.014 0"><span class='ocrx_word' id='word_1_67' title='bbox 66 828 98 853; x_wconf 89' lang='lat' dir='ltr'>tt.</span> <span class='ocrx_word' id='word_1_68' title='bbox 118 833 155 848; x_wconf 89' lang='lat'><strong><em>=</em></strong></span> <span class='ocrx_word' id='word_1_69' title='bbox 175 818 284 851; x_wconf 86' lang='lat' dir='ltr'>titulus</span> 
     </span>
    </p>

    <p class='ocr_par' dir='ltr' id='par_1_17' title="bbox 65 862 315 896">
     <span class='ocr_line' id='line_1_20' title="bbox 65 862 315 896; baseline -0.004 0"><span class='ocrx_word' id='word_1_70' title='bbox 65 866 109 896; x_wconf 90' lang='lat' dir='ltr'>tit.</span> <span class='ocrx_word' id='word_1_71' title='bbox 129 877 166 892; x_wconf 87' lang='lat'>=</span> <span class='ocrx_word' id='word_1_72' title='bbox 185 862 315 895; x_wconf 87' lang='lat' dir='ltr'>titularis</span> 
     </span>
    </p>
   </div>
   <div class='ocr_carea' id='block_1_7' title="bbox 1240 330 2352 550">
    <p class='ocr_par' dir='ltr' id='par_1_18' title="bbox 1240 330 1633 364">
     <span class='ocr_line' id='line_1_21' title="bbox 1240 330 1633 364; baseline 0.003 -1"><span class='ocrx_word' id='word_1_73' title='bbox 1240 330 1308 363; x_wconf 90' lang='lat' dir='ltr'>ultr.</span> <span class='ocrx_word' id='word_1_74' title='bbox 1330 345 1367 360; x_wconf 86' lang='lat'><strong><em>=</em></strong></span> <span class='ocrx_word' id='word_1_75' title='bbox 1387 330 1633 364; x_wconf 88' lang='lat' dir='ltr'>ultramontanus</span> 
     </span>
    </p>

    <p class='ocr_par' dir='ltr' id='par_1_19' title="bbox 1240 377 1583 408">
     <span class='ocr_line' id='line_1_22' title="bbox 1240 377 1583 408; baseline 0.003 -2"><span class='ocrx_word' id='word_1_76' title='bbox 1240 377 1324 408; x_wconf 92' lang='lat' dir='ltr'>univ.</span> <span class='ocrx_word' id='word_1_77' title='bbox 1346 389 1382 403; x_wconf 75' lang='lat' dir='ltr'><strong><em>z</em></strong></span> <span class='ocrx_word' id='word_1_78' title='bbox 1401 377 1583 407; x_wconf 84' lang='lat' dir='ltr'>universitas</span> 
     </span>
    </p>

    <p class='ocr_par' dir='ltr' id='par_1_20' title="bbox 1240 419 2151 463">
     <span class='ocr_line' id='line_1_23' title="bbox 1240 419 2151 463; baseline 0.001 -13"><span class='ocrx_word' id='word_1_79' title='bbox 1240 427 1297 451; x_wconf 91' lang='lat' dir='ltr'>utr.</span> <span class='ocrx_word' id='word_1_80' title='bbox 1318 422 1393 462; x_wconf 87' lang='lat' dir='ltr'>sign.</span> <span class='ocrx_word' id='word_1_81' title='bbox 1413 419 1468 451; x_wconf 85' lang='lat' dir='ltr'>ref.</span> <span class='ocrx_word' id='word_1_82' title='bbox 1490 433 1526 448; x_wconf 66' lang='grc' dir='ltr'>Ξ</span> <span class='ocrx_word' id='word_1_83' title='bbox 1547 422 1708 463; x_wconf 87' lang='lat' dir='ltr'>utriusque</span> <span class='ocrx_word' id='word_1_84' title='bbox 1728 419 1909 463; x_wconf 87' lang='lat' dir='ltr'>Signaturae</span> <span class='ocrx_word' id='word_1_85' title='bbox 1927 419 2151 452; x_wconf 80' lang='lat' dir='ltr'>referendarius</span> 
     </span>
    </p>

    <p class='ocr_par' dir='ltr' id='par_1_21' title="bbox 1240 471 1602 501">
     <span class='ocr_line' id='line_1_24' title="bbox 1240 471 1602 501; baseline 0.003 -7"><span class='ocrx_word' id='word_1_86' title='bbox 1240 474 1302 495; x_wconf 90' lang='lat' dir='ltr'>vac.</span> <span class='ocrx_word' id='word_1_87' title='bbox 1324 476 1360 491; x_wconf 76' lang='lat' dir='ltr'><strong><em>z</em></strong></span> <span class='ocrx_word' id='word_1_88' title='bbox 1378 471 1473 501; x_wconf 85' lang='lat' dir='ltr'>vacat,</span> <span class='ocrx_word' id='word_1_89' title='bbox 1491 475 1602 495; x_wconf 89' lang='lat' dir='ltr'>vacans</span> 
     </span>
    </p>

    <p class='ocr_par' dir='ltr' id='par_1_22' title="bbox 1240 506 2352 550">
     <span class='ocr_line' id='line_1_25' title="bbox 1240 506 2352 550; baseline -0.001 -11"><span class='ocrx_word' id='word_1_90' title='bbox 1240 506 1323 539; x_wconf 91' lang='lat' dir='ltr'>valor</span> <span class='ocrx_word' id='word_1_91' title='bbox 1344 519 1415 539; x_wconf 86' lang='lat' dir='ltr'>ann.</span> <span class='ocrx_word' id='word_1_92' title='bbox 1438 507 1474 538; x_wconf 83' lang='lat' dir='ltr'>fr.</span> <span class='ocrx_word' id='word_1_93' title='bbox 1498 518 1593 539; x_wconf 91' lang='lat' dir='ltr'>mens.</span> <span class='ocrx_word' id='word_1_94' title='bbox 1615 506 1713 550; x_wconf 89' lang='lat' dir='ltr'>epalis</span> <span class='ocrx_word' id='word_1_95' title='bbox 1735 521 1771 536; x_wconf 73' lang='lat' dir='ltr'><strong><em>z</em></strong></span> <span class='ocrx_word' id='word_1_96' title='bbox 1794 507 1876 539; x_wconf 87' lang='lat' dir='ltr'>valor</span> <span class='ocrx_word' id='word_1_97' title='bbox 1898 519 2022 539; x_wconf 88' lang='lat' dir='ltr'>annuus</span> <span class='ocrx_word' id='word_1_98' title='bbox 2043 506 2170 539; x_wconf 89' lang='lat' dir='ltr'>actualis</span> <span class='ocrx_word' id='word_1_99' title='bbox 2190 506 2352 539; x_wconf 82' lang='lat' dir='ltr'>fructuum</span> 
     </span>
    </p>
   </div>
   <div class='ocr_carea' id='block_1_8' title="bbox 1240 551 2351 893">
    <p class='ocr_par' dir='ltr' id='par_1_23' title="bbox 1322 551 1644 594">
     <span class='ocr_line' id='line_1_26' title="bbox 1322 551 1644 594; baseline 0 -12"><span class='ocrx_word' id='word_1_100' title='bbox 1322 562 1447 583; x_wconf 85' lang='lat' dir='ltr'>mensae</span> <span class='ocrx_word' id='word_1_101' title='bbox 1465 551 1644 594; x_wconf 86' lang='lat' dir='ltr'>episcopalis</span> 
     </span>
    </p>

    <p class='ocr_par' dir='ltr' id='par_1_24' title="bbox 1240 595 2351 671">
     <span class='ocr_line' id='line_1_27' title="bbox 1240 595 2351 640; baseline 0.002 -14"><span class='ocrx_word' id='word_1_102' title='bbox 1240 595 1308 628; x_wconf 90' lang='lat' dir='ltr'>Vat.</span> <span class='ocrx_word' id='word_1_103' title='bbox 1331 595 1395 627; x_wconf 84' lang='lat' dir='ltr'>Lat.</span> <span class='ocrx_word' id='word_1_104' title='bbox 1419 609 1455 623; x_wconf 75' lang='lat' dir='ltr'><strong><em>z</em></strong></span> <span class='ocrx_word' id='word_1_105' title='bbox 1477 595 1573 627; x_wconf 88' lang='lat' dir='ltr'>codex</span> <span class='ocrx_word' id='word_1_106' title='bbox 1592 595 1761 627; x_wconf 87' lang='lat' dir='ltr'>Vaticanus</span> <span class='ocrx_word' id='word_1_107' title='bbox 1782 595 1910 628; x_wconf 90' lang='lat' dir='ltr'>Latinus</span> <span class='ocrx_word' id='word_1_108' title='bbox 1931 595 2139 628; x_wconf 87' lang='lat' dir='ltr'>Bibliothecae</span> <span class='ocrx_word' id='word_1_109' title='bbox 2159 596 2351 640; x_wconf 90' lang='lat' dir='ltr'>Apostolicae</span> 
     </span>
     <span class='ocr_line' id='line_1_28' title="bbox 1322 639 1490 671; baseline -0.006 0"><span class='ocrx_word' id='word_1_110' title='bbox 1322 639 1490 671; x_wconf 83' lang='lat' dir='ltr'>vaticanae</span> 
     </span>
    </p>

    <p class='ocr_par' dir='ltr' id='par_1_25' title="bbox 1240 687 1503 717">
     <span class='ocr_line' id='line_1_29' title="bbox 1240 687 1503 717; baseline 0 -1"><span class='ocrx_word' id='word_1_111' title='bbox 1240 687 1296 716; x_wconf 93' lang='lat' dir='ltr'>vic.</span> <span class='ocrx_word' id='word_1_112' title='bbox 1317 699 1353 713; x_wconf 76' lang='lat' dir='ltr'><strong><em>z</em></strong></span> <span class='ocrx_word' id='word_1_113' title='bbox 1372 687 1503 717; x_wconf 86' lang='lat' dir='ltr'>vicarius</span> 
     </span>
    </p>

    <p class='ocr_par' dir='ltr' id='par_1_26' title="bbox 1240 728 1782 761">
     <span class='ocr_line' id='line_1_30' title="bbox 1240 728 1782 761; baseline 0 -1"><span class='ocrx_word' id='word_1_114' title='bbox 1240 728 1432 760; x_wconf 88' lang='lat' dir='ltr'>vicecancell.</span> <span class='ocrx_word' id='word_1_115' title='bbox 1457 743 1493 757; x_wconf 76' lang='lat' dir='ltr'><strong><em>z</em></strong></span> <span class='ocrx_word' id='word_1_116' title='bbox 1515 728 1782 761; x_wconf 84' lang='lat' dir='ltr'>vicecancellarius</span> 
     </span>
    </p>

    <p class='ocr_par' dir='ltr' id='par_1_27' title="bbox 1240 772 1634 816">
     <span class='ocr_line' id='line_1_31' title="bbox 1240 772 1634 816; baseline 0 -12"><span class='ocrx_word' id='word_1_117' title='bbox 1240 772 1364 816; x_wconf 82' lang='lat' dir='ltr'>viceleg.</span> <span class='ocrx_word' id='word_1_118' title='bbox 1389 787 1425 801; x_wconf 74' lang='lat' dir='ltr'><strong><em>z</em></strong></span> <span class='ocrx_word' id='word_1_119' title='bbox 1449 772 1634 816; x_wconf 87' lang='lat' dir='ltr'>vicelegatus</span> 
     </span>
    </p>

    <p class='ocr_par' dir='ltr' id='par_1_28' title="bbox 1240 825 1531 848">
     <span class='ocr_line' id='line_1_32' title="bbox 1240 825 1531 848; baseline 0 0"><span class='ocrx_word' id='word_1_120' title='bbox 1240 825 1317 848; x_wconf 84' lang='lat' dir='ltr'>vlslt.</span> <span class='ocrx_word' id='word_1_121' title='bbox 1340 831 1376 845; x_wconf 76' lang='lat' dir='ltr'><strong><em>z</em></strong></span> <span class='ocrx_word' id='word_1_122' title='bbox 1397 825 1531 848; x_wconf 80' lang='lat' dir='ltr'>V1s1tator</span> 
     </span>
    </p>

    <p class='ocr_par' dir='ltr' id='par_1_29' title="bbox 1241 860 1525 893">
     <span class='ocr_line' id='line_1_33' title="bbox 1241 860 1525 893; baseline 0 -1"><span class='ocrx_word' id='word_1_123' title='bbox 1241 860 1298 892; x_wconf 91' lang='lat' dir='ltr'>vol.</span> <span class='ocrx_word' id='word_1_124' title='bbox 1322 875 1358 889; x_wconf 75' lang='lat' dir='ltr'><strong><em>z</em></strong></span> <span class='ocrx_word' id='word_1_125' title='bbox 1379 860 1525 893; x_wconf 89' lang='lat' dir='ltr'>volumen</span> 
     </span>
    </p>
   </div>
   <div class='ocr_carea' id='block_1_9' title="bbox 493 980 1927 1029">
    <p class='ocr_par' dir='ltr' id='par_1_30' title="bbox 493 980 1927 1029">
     <span class='ocr_line' id='line_1_34' title="bbox 493 980 1927 1029; baseline -0.001 -9"><span class='ocrx_word' id='word_1_126' title='bbox 493 982 540 1029; x_wconf 89' lang='lat'>2)</span> <span class='ocrx_word' id='word_1_127' title='bbox 575 982 919 1024; x_wconf 84' lang='lat' dir='ltr'>Abbreviationes</span> <span class='ocrx_word' id='word_1_128' title='bbox 948 980 1248 1019; x_wconf 90' lang='lat' dir='ltr'>nonnullorum</span> <span class='ocrx_word' id='word_1_129' title='bbox 1277 981 1541 1019; x_wconf 89' lang='lat' dir='ltr'>decretorum</span> <span class='ocrx_word' id='word_1_130' title='bbox 1570 980 1927 1019; x_wconf 86' lang='lat' dir='ltr'>Consistorialium</span> 
     </span>
    </p>
   </div>
   <div class='ocr_carea' id='block_1_10' title="bbox 145 1079 1179 1214">
    <p class='ocr_par' dir='ltr' id='par_1_31' title="bbox 145 1079 1179 1214">
     <span class='ocr_line' id='line_1_35' title="bbox 261 1079 1178 1126; baseline -0.002 -12"><span class='ocrx_word' id='word_1_131' title='bbox 261 1085 335 1126; x_wconf 86' lang='lat' dir='ltr'>erig.</span> <span class='ocrx_word' id='word_1_132' title='bbox 359 1082 420 1120; x_wconf 86' lang='lat' dir='ltr'>(vel</span> <span class='ocrx_word' id='word_1_133' title='bbox 441 1081 548 1120; x_wconf 87' lang='lat' dir='ltr'>instit.)</span> <span class='ocrx_word' id='word_1_134' title='bbox 570 1089 665 1113; x_wconf 90' lang='lat' dir='ltr'>mont.</span> <span class='ocrx_word' id='word_1_135' title='bbox 689 1084 761 1125; x_wconf 90' lang='lat' dir='ltr'>piet.</span> <span class='ocrx_word' id='word_1_136' title='bbox 787 1095 822 1109; x_wconf 75' lang='lat' dir='ltr'><strong><em>z</em></strong></span> <span class='ocrx_word' id='word_1_137' title='bbox 846 1092 919 1113; x_wconf 92' lang='lat' dir='ltr'>cum</span> <span class='ocrx_word' id='word_1_138' title='bbox 939 1080 1071 1118; x_wconf 89' lang='lat' dir='ltr'>decreto,</span> <span class='ocrx_word' id='word_1_139' title='bbox 1094 1079 1178 1123; x_wconf 90' lang='lat' dir='ltr'>quod</span> 
     </span>
     <span class='ocr_line' id='line_1_36' title="bbox 145 1125 1179 1170; baseline -0.004 -11"><span class='ocrx_word' id='word_1_140' title='bbox 145 1126 184 1159; x_wconf 92' lang='lat' dir='ltr'>ad</span> <span class='ocrx_word' id='word_1_141' title='bbox 209 1129 429 1170; x_wconf 86' lang='lat' dir='ltr'>praescriptum</span> <span class='ocrx_word' id='word_1_142' title='bbox 454 1125 589 1159; x_wconf 89' lang='lat' dir='ltr'>Concilii</span> <span class='ocrx_word' id='word_1_143' title='bbox 613 1125 791 1158; x_wconf 88' lang='lat' dir='ltr'>Tridentini</span> <span class='ocrx_word' id='word_1_144' title='bbox 817 1133 955 1156; x_wconf 89' lang='lat' dir='ltr'>montem</span> <span class='ocrx_word' id='word_1_145' title='bbox 980 1126 1102 1167; x_wconf 88' lang='lat' dir='ltr'>pietatis</span> <span class='ocrx_word' id='word_1_146' title='bbox 1126 1126 1179 1155; x_wconf 89' lang='lat' dir='ltr'>eri-</span> 
     </span>
     <span class='ocr_line' id='line_1_37' title="bbox 146 1169 453 1214; baseline -0.007 -11"><span class='ocrx_word' id='word_1_147' title='bbox 146 1178 198 1214; x_wconf 88' lang='lat' dir='ltr'>gat</span> <span class='ocrx_word' id='word_1_148' title='bbox 215 1170 276 1209; x_wconf 82' lang='lat' dir='ltr'>(vel</span> <span class='ocrx_word' id='word_1_149' title='bbox 292 1169 453 1208; x_wconf 88' lang='lat' dir='ltr'>instituat).</span> 
     </span>
    </p>
   </div>
   <div class='ocr_carea' id='block_1_11' title="bbox 0 1213 1179 1267">
    <p class='ocr_par' dir='ltr' id='par_1_32' title="bbox 0 1213 1179 1267">
     <span class='ocr_line' id='line_1_38' title="bbox 0 1213 1179 1267; baseline 0 -20"><span class='ocrx_word' id='word_1_150' title='bbox 0 1237 9 1255; x_wconf 69' lang='lat'><em>;</em></span> <span class='ocrx_word' id='word_1_151' title='bbox 26 1243 29 1267; x_wconf 75' lang='lat' dir='ltr'>j</span> <span class='ocrx_word' id='word_1_152' title='bbox 65 1226 90 1247; x_wconf 91' lang='lat' dir='ltr'>c.</span> <span class='ocrx_word' id='word_1_153' title='bbox 106 1214 186 1248; x_wconf 86' lang='lat' dir='ltr'>decr.</span> <span class='ocrx_word' id='word_1_154' title='bbox 249 1217 322 1258; x_wconf 86' lang='lat' dir='ltr'>erig.</span> <span class='ocrx_word' id='word_1_155' title='bbox 342 1214 403 1252; x_wconf 82' lang='lat' dir='ltr'>(vel</span> <span class='ocrx_word' id='word_1_156' title='bbox 419 1216 513 1246; x_wconf 87' lang='lat' dir='ltr'>instit.</span> <span class='ocrx_word' id='word_1_157' title='bbox 531 1214 580 1246; x_wconf 83' lang='lat' dir='ltr'>vel</span> <span class='ocrx_word' id='word_1_158' title='bbox 597 1213 688 1258; x_wconf 76' lang='lat' dir='ltr'>perf.)</span> <span class='ocrx_word' id='word_1_159' title='bbox 706 1226 778 1246; x_wconf 91' lang='lat' dir='ltr'>sem.</span> <span class='ocrx_word' id='word_1_160' title='bbox 800 1229 835 1243; x_wconf 71' lang='lat' dir='ltr'><strong><em>z</em></strong></span> <span class='ocrx_word' id='word_1_161' title='bbox 854 1226 927 1246; x_wconf 90' lang='lat' dir='ltr'>cum</span> <span class='ocrx_word' id='word_1_162' title='bbox 944 1214 1076 1253; x_wconf 85' lang='lat' dir='ltr'>decreto,</span> <span class='ocrx_word' id='word_1_163' title='bbox 1094 1214 1179 1258; x_wconf 93' lang='lat' dir='ltr'>quod</span> 
     </span>
    </p>
   </div>
   <div class='ocr_carea' id='block_1_12' title="bbox 146 1258 1179 1479">
    <p class='ocr_par' dir='ltr' id='par_1_33' title="bbox 146 1258 1179 1346">
     <span class='ocr_line' id='line_1_39' title="bbox 146 1258 1179 1303; baseline -0.001 -12"><span class='ocrx_word' id='word_1_164' title='bbox 146 1258 184 1291; x_wconf 87' lang='lat' dir='ltr'>ad</span> <span class='ocrx_word' id='word_1_165' title='bbox 201 1261 423 1303; x_wconf 88' lang='lat' dir='ltr'>praescriptum</span> <span class='ocrx_word' id='word_1_166' title='bbox 439 1258 574 1291; x_wconf 90' lang='lat' dir='ltr'>Concilii</span> <span class='ocrx_word' id='word_1_167' title='bbox 591 1258 770 1290; x_wconf 89' lang='lat' dir='ltr'>Tridentini</span> <span class='ocrx_word' id='word_1_168' title='bbox 789 1261 988 1290; x_wconf 89' lang='lat' dir='ltr'>seminarium</span> <span class='ocrx_word' id='word_1_169' title='bbox 1005 1261 1101 1302; x_wconf 88' lang='lat' dir='ltr'>erigat</span> <span class='ocrx_word' id='word_1_170' title='bbox 1119 1258 1179 1296; x_wconf 82' lang='lat' dir='ltr'>(vel</span> 
     </span>
     <span class='ocr_line' id='line_1_40' title="bbox 146 1302 531 1346; baseline 0 -11"><span class='ocrx_word' id='word_1_171' title='bbox 146 1305 286 1336; x_wconf 90' lang='lat' dir='ltr'>instituat</span> <span class='ocrx_word' id='word_1_172' title='bbox 305 1303 354 1335; x_wconf 84' lang='lat' dir='ltr'>vel</span> <span class='ocrx_word' id='word_1_173' title='bbox 373 1302 531 1346; x_wconf 86' lang='lat' dir='ltr'>perficiat).</span> 
     </span>
    </p>

    <p class='ocr_par' dir='ltr' id='par_1_34' title="bbox 146 1346 1179 1479">
     <span class='ocr_line' id='line_1_41' title="bbox 267 1346 1178 1391; baseline -0.001 -12"><span class='ocrx_word' id='word_1_174' title='bbox 267 1349 339 1391; x_wconf 89' lang='lat' dir='ltr'>erig.</span> <span class='ocrx_word' id='word_1_175' title='bbox 365 1347 426 1385; x_wconf 81' lang='lat' dir='ltr'>(vel</span> <span class='ocrx_word' id='word_1_176' title='bbox 448 1347 556 1385; x_wconf 89' lang='lat' dir='ltr'>instit.)</span> <span class='ocrx_word' id='word_1_177' title='bbox 580 1346 672 1378; x_wconf 91' lang='lat' dir='ltr'>theol.</span> <span class='ocrx_word' id='word_1_178' title='bbox 695 1355 727 1378; x_wconf 90' lang='lat' dir='ltr'>et</span> <span class='ocrx_word' id='word_1_179' title='bbox 809 1349 864 1380; x_wconf 85' lang='lat' dir='ltr'>nit.</span> <span class='ocrx_word' id='word_1_180' title='bbox 891 1361 927 1375; x_wconf 77' lang='lat' dir='ltr'><strong><em>z</em></strong></span> <span class='ocrx_word' id='word_1_181' title='bbox 952 1358 1025 1379; x_wconf 93' lang='lat' dir='ltr'>cum</span> <span class='ocrx_word' id='word_1_182' title='bbox 1047 1346 1178 1384; x_wconf 90' lang='lat' dir='ltr'>decreto,</span> 
     </span>
     <span class='ocr_line' id='line_1_42' title="bbox 146 1390 1179 1435; baseline -0.002 -11"><span class='ocrx_word' id='word_1_183' title='bbox 146 1391 231 1435; x_wconf 93' lang='lat' dir='ltr'>quod</span> <span class='ocrx_word' id='word_1_184' title='bbox 248 1391 286 1423; x_wconf 90' lang='lat' dir='ltr'>ad</span> <span class='ocrx_word' id='word_1_185' title='bbox 303 1394 524 1435; x_wconf 89' lang='lat' dir='ltr'>praescriptum</span> <span class='ocrx_word' id='word_1_186' title='bbox 541 1390 676 1423; x_wconf 90' lang='lat' dir='ltr'>Concilii</span> <span class='ocrx_word' id='word_1_187' title='bbox 693 1390 871 1423; x_wconf 88' lang='lat' dir='ltr'>Tridentini</span> <span class='ocrx_word' id='word_1_188' title='bbox 889 1390 1079 1434; x_wconf 88' lang='lat' dir='ltr'>praebendas</span> <span class='ocrx_word' id='word_1_189' title='bbox 1097 1391 1179 1422; x_wconf 64' lang='lat' dir='ltr'>theo</span> 
     </span>
     <span class='ocr_line' id='line_1_43' title="bbox 146 1434 990 1479; baseline 0.001 -12"><span class='ocrx_word' id='word_1_190' title='bbox 146 1434 276 1479; x_wconf 85' lang='lat' dir='ltr'>logalem</span> <span class='ocrx_word' id='word_1_191' title='bbox 299 1444 329 1467; x_wconf 92' lang='lat' dir='ltr'>et</span> <span class='ocrx_word' id='word_1_192' title='bbox 351 1435 604 1479; x_wconf 88' lang='lat' dir='ltr'>poenitentialem</span> <span class='ocrx_word' id='word_1_193' title='bbox 626 1438 721 1478; x_wconf 87' lang='lat' dir='ltr'>erigat</span> <span class='ocrx_word' id='word_1_194' title='bbox 745 1435 805 1472; x_wconf 83' lang='lat' dir='ltr'>(vel</span> <span class='ocrx_word' id='word_1_195' title='bbox 829 1435 990 1472; x_wconf 86' lang='lat' dir='ltr'>instituat).</span> 
     </span>
    </p>
   </div>
   <div class='ocr_carea' id='block_1_13' title="bbox 4 1469 1180 1526">
    <p class='ocr_par' dir='ltr' id='par_1_35' title="bbox 4 1469 1180 1526">
     <span class='ocr_line' id='line_1_44' title="bbox 4 1469 1180 1526; baseline -0.002 -14"><span class='ocrx_word' id='word_1_196' title='bbox 4 1469 16 1526; x_wconf 10' lang='lat' dir='ltr'>b,</span> <span class='ocrx_word' id='word_1_197' title='bbox 65 1491 90 1512; x_wconf 94' lang='lat' dir='ltr'>c.</span> <span class='ocrx_word' id='word_1_198' title='bbox 105 1479 183 1512; x_wconf 88' lang='lat' dir='ltr'>decr.</span> <span class='ocrx_word' id='word_1_199' title='bbox 244 1482 328 1512; x_wconf 87' lang='lat' dir='ltr'>instr.</span> <span class='ocrx_word' id='word_1_200' title='bbox 345 1479 523 1523; x_wconf 91' lang='lat' dir='ltr'>suppellect.</span> <span class='ocrx_word' id='word_1_201' title='bbox 542 1493 578 1508; x_wconf 74' lang='lat' dir='ltr'><strong><em>z</em></strong></span> <span class='ocrx_word' id='word_1_202' title='bbox 595 1491 668 1511; x_wconf 93' lang='lat' dir='ltr'>cum</span> <span class='ocrx_word' id='word_1_203' title='bbox 683 1479 814 1517; x_wconf 87' lang='lat' dir='ltr'>decreto,</span> <span class='ocrx_word' id='word_1_204' title='bbox 830 1478 915 1522; x_wconf 91' lang='lat' dir='ltr'>quod</span> <span class='ocrx_word' id='word_1_205' title='bbox 931 1481 1096 1511; x_wconf 90' lang='lat' dir='ltr'>sacrarium</span> <span class='ocrx_word' id='word_1_206' title='bbox 1111 1491 1180 1522; x_wconf 88' lang='lat' dir='ltr'>sup-</span> 
     </span>
    </p>
   </div>
   <div class='ocr_carea' id='block_1_14' title="bbox 66 1522 1181 2672">
    <p class='ocr_par' dir='ltr' id='par_1_36' title="bbox 146 1522 1179 1600">
     <span class='ocr_line' id='line_1_45' title="bbox 146 1522 1179 1568; baseline -0.001 -13"><span class='ocrx_word' id='word_1_207' title='bbox 146 1522 350 1568; x_wconf 83' lang='lat' dir='ltr'>pellectilibus</span> <span class='ocrx_word' id='word_1_208' title='bbox 374 1526 464 1555; x_wconf 89' lang='lat' dir='ltr'>sacris</span> <span class='ocrx_word' id='word_1_209' title='bbox 487 1523 526 1556; x_wconf 91' lang='lat' dir='ltr'>ad</span> <span class='ocrx_word' id='word_1_210' title='bbox 549 1523 654 1555; x_wconf 92' lang='lat' dir='ltr'>divina</span> <span class='ocrx_word' id='word_1_211' title='bbox 677 1523 851 1567; x_wconf 87' lang='lat' dir='ltr'>peragenda</span> <span class='ocrx_word' id='word_1_212' title='bbox 874 1532 905 1555; x_wconf 90' lang='lat' dir='ltr'>et</span> <span class='ocrx_word' id='word_1_213' title='bbox 930 1522 968 1555; x_wconf 90' lang='lat' dir='ltr'>ad</span> <span class='ocrx_word' id='word_1_214' title='bbox 992 1522 1179 1566; x_wconf 84' lang='lat' dir='ltr'>pontificalia</span> 
     </span>
     <span class='ocr_line' id='line_1_46' title="bbox 146 1567 676 1600; baseline -0.002 0"><span class='ocrx_word' id='word_1_215' title='bbox 146 1567 315 1600; x_wconf 88' lang='lat' dir='ltr'>exercenda</span> <span class='ocrx_word' id='word_1_216' title='bbox 334 1567 520 1600; x_wconf 89' lang='lat' dir='ltr'>sufficienter</span> <span class='ocrx_word' id='word_1_217' title='bbox 539 1570 676 1599; x_wconf 84' lang='lat' dir='ltr'>instruat.</span> 
     </span>
    </p>

    <p class='ocr_par' dir='ltr' id='par_1_37' title="bbox 66 1612 1180 1735">
     <span class='ocr_line' id='line_1_47' title="bbox 66 1612 1180 1651; baseline 0 -6"><span class='ocrx_word' id='word_1_218' title='bbox 66 1625 91 1646; x_wconf 94' lang='lat' dir='ltr'>c.</span> <span class='ocrx_word' id='word_1_219' title='bbox 113 1613 192 1646; x_wconf 88' lang='lat' dir='ltr'>decr.</span> <span class='ocrx_word' id='word_1_220' title='bbox 265 1613 334 1646; x_wconf 89' lang='lat' dir='ltr'>loco</span> <span class='ocrx_word' id='word_1_221' title='bbox 354 1625 481 1646; x_wconf 89' lang='lat' dir='ltr'>success.</span> <span class='ocrx_word' id='word_1_222' title='bbox 507 1628 543 1643; x_wconf 75' lang='lat' dir='ltr'><strong><em>z</em></strong></span> <span class='ocrx_word' id='word_1_223' title='bbox 565 1626 639 1646; x_wconf 92' lang='lat' dir='ltr'>cum</span> <span class='ocrx_word' id='word_1_224' title='bbox 660 1613 792 1651; x_wconf 89' lang='lat' dir='ltr'>decreto,</span> <span class='ocrx_word' id='word_1_225' title='bbox 837 1613 901 1646; x_wconf 92' lang='lat' dir='ltr'>uod</span> <span class='ocrx_word' id='word_1_226' title='bbox 922 1613 1005 1645; x_wconf 84' lang='lat' dir='ltr'>facto</span> <span class='ocrx_word' id='word_1_227' title='bbox 1026 1612 1094 1645; x_wconf 90' lang='lat' dir='ltr'>loco</span> <span class='ocrx_word' id='word_1_228' title='bbox 1115 1625 1180 1645; x_wconf 92' lang='lat' dir='ltr'>suc-</span> 
     </span>
     <span class='ocr_line' id='line_1_48' title="bbox 147 1657 1180 1700; baseline -0.002 -10"><span class='ocrx_word' id='word_1_229' title='bbox 147 1660 274 1690; x_wconf 88' lang='lat' dir='ltr'>cessioni</span> <span class='ocrx_word' id='word_1_230' title='bbox 290 1658 373 1692; x_wconf 78' lang='lat' dir='ltr'>dicta</span> <span class='ocrx_word' id='word_1_231' title='bbox 387 1657 514 1691; x_wconf 84' lang='lat' dir='ltr'>ecclesia</span> <span class='ocrx_word' id='word_1_232' title='bbox 532 1658 606 1696; x_wconf 86' lang='lat' dir='ltr'>(scil.</span> <span class='ocrx_word' id='word_1_233' title='bbox 625 1658 752 1690; x_wconf 89' lang='lat' dir='ltr'>ecclesia</span> <span class='ocrx_word' id='word_1_234' title='bbox 769 1660 827 1690; x_wconf 89' lang='lat' dir='ltr'>titu</span> <span class='ocrx_word' id='word_1_235' title='bbox 840 1658 910 1695; x_wconf 90' lang='lat' dir='ltr'>aris)</span> <span class='ocrx_word' id='word_1_236' title='bbox 928 1660 994 1700; x_wconf 90' lang='lat' dir='ltr'>ipso</span> <span class='ocrx_word' id='word_1_237' title='bbox 1011 1660 1078 1689; x_wconf 92' lang='lat' dir='ltr'>iure</span> <span class='ocrx_word' id='word_1_238' title='bbox 1094 1665 1180 1688; x_wconf 89' lang='lat' dir='ltr'>vacet</span> 
     </span>
     <span class='ocr_line' id='line_1_49' title="bbox 145 1710 490 1735; baseline 0 -1"><span class='ocrx_word' id='word_1_239' title='bbox 145 1711 178 1735; x_wconf 92' lang='lat' dir='ltr'>et</span> <span class='ocrx_word' id='word_1_240' title='bbox 196 1714 302 1734; x_wconf 91' lang='lat' dir='ltr'>vacare</span> <span class='ocrx_word' id='word_1_241' title='bbox 319 1710 490 1734; x_wconf 86' lang='lat' dir='ltr'>conseatur.</span> 
     </span>
    </p>

    <p class='ocr_par' dir='ltr' id='par_1_38' title="bbox 66 1745 1181 1954">
     <span class='ocr_line' id='line_1_50' title="bbox 66 1745 1180 1791; baseline 0.002 -13"><span class='ocrx_word' id='word_1_242' title='bbox 66 1757 91 1778; x_wconf 92' lang='lat' dir='ltr'>c.</span> <span class='ocrx_word' id='word_1_243' title='bbox 108 1745 188 1778; x_wconf 90' lang='lat' dir='ltr'>decr.</span> <span class='ocrx_word' id='word_1_244' title='bbox 254 1745 332 1790; x_wconf 84' lang='lat' dir='ltr'>prof.</span> <span class='ocrx_word' id='word_1_245' title='bbox 351 1746 424 1778; x_wconf 85' lang='lat' dir='ltr'>fidei</span> <span class='ocrx_word' id='word_1_246' title='bbox 443 1746 505 1784; x_wconf 84' lang='lat' dir='ltr'>(vel</span> <span class='ocrx_word' id='word_1_247' title='bbox 522 1754 594 1778; x_wconf 88' lang='lat' dir='ltr'>ante</span> <span class='ocrx_word' id='word_1_248' title='bbox 611 1746 708 1784; x_wconf 87' lang='lat' dir='ltr'>cons.)</span> <span class='ocrx_word' id='word_1_249' title='bbox 728 1761 764 1775; x_wconf 86' lang='grc'>--</span> <span class='ocrx_word' id='word_1_250' title='bbox 783 1759 857 1779; x_wconf 90' lang='lat' dir='ltr'>cum</span> <span class='ocrx_word' id='word_1_251' title='bbox 875 1747 1006 1785; x_wconf 88' lang='lat' dir='ltr'>decreto,</span> <span class='ocrx_word' id='word_1_252' title='bbox 1026 1747 1111 1791; x_wconf 88' lang='lat' dir='ltr'>quod</span> <span class='ocrx_word' id='word_1_253' title='bbox 1129 1760 1180 1780; x_wconf 89' lang='lat' dir='ltr'>an-</span> 
     </span>
     <span class='ocr_line' id='line_1_51' title="bbox 147 1790 1179 1834; baseline 0.001 -12"><span class='ocrx_word' id='word_1_254' title='bbox 147 1798 273 1834; x_wconf 89' lang='lat' dir='ltr'>tequam</span> <span class='ocrx_word' id='word_1_255' title='bbox 291 1793 511 1834; x_wconf 80' lang='lat' dir='ltr'>possessionem</span> <span class='ocrx_word' id='word_1_256' title='bbox 529 1790 629 1823; x_wconf 89' lang='lat' dir='ltr'>dictae</span> <span class='ocrx_word' id='word_1_257' title='bbox 647 1790 792 1822; x_wconf 82' lang='lat' dir='ltr'>ecclesiae</span> <span class='ocrx_word' id='word_1_258' title='bbox 811 1790 995 1834; x_wconf 87' lang='lat' dir='ltr'>adipiscatur</span> <span class='ocrx_word' id='word_1_259' title='bbox 1015 1791 1076 1829; x_wconf 80' lang='lat' dir='ltr'>(vel</span> <span class='ocrx_word' id='word_1_260' title='bbox 1095 1791 1179 1834; x_wconf 93' lang='lat' dir='ltr'>quod</span> 
     </span>
     <span class='ocr_line' id='line_1_52' title="bbox 146 1834 1181 1878; baseline 0.001 -12"><span class='ocrx_word' id='word_1_261' title='bbox 146 1842 219 1867; x_wconf 88' lang='lat' dir='ltr'>ante</span> <span class='ocrx_word' id='word_1_262' title='bbox 245 1834 526 1872; x_wconf 89' lang='lat' dir='ltr'>consecrationem),</span> <span class='ocrx_word' id='word_1_263' title='bbox 556 1843 696 1866; x_wconf 90' lang='lat' dir='ltr'>teneatur</span> <span class='ocrx_word' id='word_1_264' title='bbox 724 1834 945 1878; x_wconf 82' lang='lat' dir='ltr'>professionem</span> <span class='ocrx_word' id='word_1_265' title='bbox 974 1835 1046 1867; x_wconf 84' lang='lat' dir='ltr'>fidei</span> <span class='ocrx_word' id='word_1_266' title='bbox 1075 1835 1181 1867; x_wconf 91' lang='lat' dir='ltr'>denuo</span> 
     </span>
     <span class='ocr_line' id='line_1_53' title="bbox 145 1878 1179 1922; baseline 0.001 -12"><span class='ocrx_word' id='word_1_267' title='bbox 145 1880 294 1916; x_wconf 81' lang='lat' dir='ltr'>emittere,</span> <span class='ocrx_word' id='word_1_268' title='bbox 316 1887 347 1910; x_wconf 90' lang='lat' dir='ltr'>et</span> <span class='ocrx_word' id='word_1_269' title='bbox 367 1881 609 1911; x_wconf 87' lang='lat' dir='ltr'>instrumentum</span> <span class='ocrx_word' id='word_1_270' title='bbox 631 1878 714 1911; x_wconf 91' lang='lat' dir='ltr'>illius</span> <span class='ocrx_word' id='word_1_271' title='bbox 735 1881 967 1922; x_wconf 90' lang='lat' dir='ltr'>quamprimum</span> <span class='ocrx_word' id='word_1_272' title='bbox 990 1879 1028 1911; x_wconf 86' lang='lat' dir='ltr'>ad</span> <span class='ocrx_word' id='word_1_273' title='bbox 1050 1879 1179 1912; x_wconf 90' lang='lat' dir='ltr'>Curiam</span> 
     </span>
     <span class='ocr_line' id='line_1_54' title="bbox 147 1922 550 1954; baseline 0 0"><span class='ocrx_word' id='word_1_274' title='bbox 147 1922 319 1954; x_wconf 85' lang='lat' dir='ltr'>Romanam</span> <span class='ocrx_word' id='word_1_275' title='bbox 339 1925 550 1954; x_wconf 87' lang='lat' dir='ltr'>transmittere.</span> 
     </span>
    </p>

    <p class='ocr_par' dir='ltr' id='par_1_39' title="bbox 66 1965 1180 2043">
     <span class='ocr_line' id='line_1_55' title="bbox 66 1965 1180 2010; baseline 0 -12"><span class='ocrx_word' id='word_1_276' title='bbox 66 1977 91 1998; x_wconf 92' lang='lat' dir='ltr'>c.</span> <span class='ocrx_word' id='word_1_277' title='bbox 106 1965 186 1998; x_wconf 87' lang='lat' dir='ltr'>decr.</span> <span class='ocrx_word' id='word_1_278' title='bbox 247 1966 325 2010; x_wconf 82' lang='lat' dir='ltr'>prof.</span> <span class='ocrx_word' id='word_1_279' title='bbox 342 1966 414 1999; x_wconf 84' lang='lat' dir='ltr'>fidei</span> <span class='ocrx_word' id='word_1_280' title='bbox 430 1976 461 1999; x_wconf 90' lang='lat' dir='ltr'>et</span> <span class='ocrx_word' id='word_1_281' title='bbox 476 1969 583 1999; x_wconf 88' lang='lat' dir='ltr'>iuram.</span> <span class='ocrx_word' id='word_1_282' title='bbox 601 1966 682 1999; x_wconf 88' lang='lat' dir='ltr'>fidel.</span> <span class='ocrx_word' id='word_1_283' title='bbox 703 1981 738 1995; x_wconf 77' lang='lat' dir='ltr'><strong><em>z</em></strong></span> <span class='ocrx_word' id='word_1_284' title='bbox 756 1975 792 1998; x_wconf 85' lang='lat' dir='ltr'>ut</span> <span class='ocrx_word' id='word_1_285' title='bbox 808 1979 908 2010; x_wconf 81' lang='lat' dir='ltr'>supra,</span> <span class='ocrx_word' id='word_1_286' title='bbox 926 1966 980 1999; x_wconf 81' lang='lat' dir='ltr'>sed</span> <span class='ocrx_word' id='word_1_287' title='bbox 996 1967 1090 2008; x_wconf 80' lang='lat' dir='ltr'>legas:</span> <span class='ocrx_word' id='word_1_288' title='bbox 1114 1979 1180 2010; x_wconf 91' lang='lat' dir='ltr'>pro-</span> 
     </span>
     <span class='ocr_line' id='line_1_56' title="bbox 146 2010 870 2043; baseline 0 -1"><span class='ocrx_word' id='word_1_289' title='bbox 146 2010 312 2043; x_wconf 81' lang='lat' dir='ltr'>fessionem</span> <span class='ocrx_word' id='word_1_290' title='bbox 333 2010 405 2043; x_wconf 89' lang='lat' dir='ltr'>fidei</span> <span class='ocrx_word' id='word_1_291' title='bbox 426 2019 456 2042; x_wconf 93' lang='lat' dir='ltr'>et</span> <span class='ocrx_word' id='word_1_292' title='bbox 477 2013 687 2043; x_wconf 87' lang='lat' dir='ltr'>iuramentum</span> <span class='ocrx_word' id='word_1_293' title='bbox 707 2010 870 2043; x_wconf 87' lang='lat' dir='ltr'>fidelitatis.</span> 
     </span>
    </p>

    <p class='ocr_par' dir='ltr' id='par_1_40' title="bbox 66 2053 1180 2142">
     <span class='ocr_line' id='line_1_57' title="bbox 66 2053 1180 2098; baseline 0 -12"><span class='ocrx_word' id='word_1_294' title='bbox 66 2065 91 2086; x_wconf 92' lang='lat' dir='ltr'>c.</span> <span class='ocrx_word' id='word_1_295' title='bbox 110 2053 188 2088; x_wconf 87' lang='lat' dir='ltr'>decr.</span> <span class='ocrx_word' id='word_1_296' title='bbox 255 2054 372 2098; x_wconf 84' lang='lat' dir='ltr'>provid.</span> <span class='ocrx_word' id='word_1_297' title='bbox 391 2067 463 2088; x_wconf 87' lang='lat' dir='ltr'>sem.</span> <span class='ocrx_word' id='word_1_298' title='bbox 486 2069 521 2083; x_wconf 76' lang='lat' dir='ltr'><strong><em>z</em></strong></span> <span class='ocrx_word' id='word_1_299' title='bbox 541 2067 566 2086; x_wconf 87' lang='lat' dir='ltr'>c.</span> <span class='ocrx_word' id='word_1_300' title='bbox 586 2054 717 2093; x_wconf 82' lang='lat' dir='ltr'>decreto,</span> <span class='ocrx_word' id='word_1_301' title='bbox 737 2055 821 2098; x_wconf 92' lang='lat' dir='ltr'>quod</span> <span class='ocrx_word' id='word_1_302' title='bbox 841 2058 1005 2087; x_wconf 83' lang='lat' dir='ltr'>seminario</span> <span class='ocrx_word' id='word_1_303' title='bbox 1023 2055 1180 2098; x_wconf 89' lang='lat' dir='ltr'>provideat</span> 
     </span>
     <span class='ocr_line' id='line_1_58' title="bbox 147 2098 503 2142; baseline 0.003 -12"><span class='ocrx_word' id='word_1_304' title='bbox 147 2110 202 2142; x_wconf 90' lang='lat' dir='ltr'>pro</span> <span class='ocrx_word' id='word_1_305' title='bbox 222 2098 341 2131; x_wconf 88' lang='lat' dir='ltr'>alendis</span> <span class='ocrx_word' id='word_1_306' title='bbox 361 2098 503 2132; x_wconf 86' lang='lat' dir='ltr'>alumnis.</span> 
     </span>
    </p>

    <p class='ocr_par' dir='ltr' id='par_1_41' title="bbox 66 2143 1179 2320">
     <span class='ocr_line' id='line_1_59' title="bbox 66 2143 1179 2188; baseline 0 -12"><span class='ocrx_word' id='word_1_307' title='bbox 66 2155 91 2176; x_wconf 93' lang='lat' dir='ltr'>c.</span> <span class='ocrx_word' id='word_1_308' title='bbox 116 2143 196 2177; x_wconf 89' lang='lat' dir='ltr'>decr.</span> <span class='ocrx_word' id='word_1_309' title='bbox 275 2156 370 2188; x_wconf 90' lang='lat' dir='ltr'>repar.</span> <span class='ocrx_word' id='word_1_310' title='bbox 399 2144 459 2182; x_wconf 80' lang='lat' dir='ltr'>(vel</span> <span class='ocrx_word' id='word_1_311' title='bbox 484 2153 604 2183; x_wconf 90' lang='lat' dir='ltr'>constr.,</span> <span class='ocrx_word' id='word_1_312' title='bbox 630 2145 766 2188; x_wconf 62' lang='lat' dir='ltr'>perfect„</span> <span class='ocrx_word' id='word_1_313' title='bbox 792 2145 931 2183; x_wconf 83' lang='lat' dir='ltr'>reaedif.)</span> <span class='ocrx_word' id='word_1_314' title='bbox 957 2145 1091 2178; x_wconf 90' lang='lat' dir='ltr'>cathedr.</span> <span class='ocrx_word' id='word_1_315' title='bbox 1119 2145 1179 2182; x_wconf 82' lang='lat' dir='ltr'>(vel</span> 
     </span>
     <span class='ocr_line' id='line_1_60' title="bbox 147 2188 1179 2232; baseline 0 -12"><span class='ocrx_word' id='word_1_316' title='bbox 147 2188 288 2232; x_wconf 85' lang='lat' dir='ltr'>metrop.)</span> <span class='ocrx_word' id='word_1_317' title='bbox 315 2203 351 2217; x_wconf 77' lang='lat' dir='ltr'><strong><em>z</em></strong></span> <span class='ocrx_word' id='word_1_318' title='bbox 378 2200 451 2221; x_wconf 91' lang='lat' dir='ltr'>cum</span> <span class='ocrx_word' id='word_1_319' title='bbox 475 2189 606 2227; x_wconf 83' lang='lat' dir='ltr'>decreto,</span> <span class='ocrx_word' id='word_1_320' title='bbox 632 2189 716 2232; x_wconf 93' lang='lat' dir='ltr'>quod</span> <span class='ocrx_word' id='word_1_321' title='bbox 742 2189 886 2221; x_wconf 91' lang='lat' dir='ltr'>ecclesiae</span> <span class='ocrx_word' id='word_1_322' title='bbox 911 2189 1093 2221; x_wconf 90' lang='lat' dir='ltr'>cathedralis</span> <span class='ocrx_word' id='word_1_323' title='bbox 1119 2189 1179 2227; x_wconf 80' lang='lat' dir='ltr'>(vel</span> 
     </span>
     <span class='ocr_line' id='line_1_61' title="bbox 146 2232 1179 2276; baseline 0 -12"><span class='ocrx_word' id='word_1_324' title='bbox 146 2232 410 2276; x_wconf 89' lang='lat' dir='ltr'>metropolitanae)</span> <span class='ocrx_word' id='word_1_325' title='bbox 435 2235 618 2276; x_wconf 89' lang='lat' dir='ltr'>reparationi</span> <span class='ocrx_word' id='word_1_326' title='bbox 646 2233 706 2271; x_wconf 82' lang='lat' dir='ltr'>(vel</span> <span class='ocrx_word' id='word_1_327' title='bbox 731 2235 961 2270; x_wconf 87' lang='lat' dir='ltr'>constructioni,</span> <span class='ocrx_word' id='word_1_328' title='bbox 988 2233 1179 2276; x_wconf 83' lang='lat' dir='ltr'>perfectioni,</span> 
     </span>
     <span class='ocr_line' id='line_1_62' title="bbox 146 2276 803 2320; baseline 0.002 -12"><span class='ocrx_word' id='word_1_329' title='bbox 146 2276 397 2314; x_wconf 86' lang='lat' dir='ltr'>reaedificationi)</span> <span class='ocrx_word' id='word_1_330' title='bbox 420 2289 475 2320; x_wconf 92' lang='lat' dir='ltr'>pro</span> <span class='ocrx_word' id='word_1_331' title='bbox 497 2276 612 2309; x_wconf 93' lang='lat' dir='ltr'>viribus</span> <span class='ocrx_word' id='word_1_332' title='bbox 635 2276 803 2310; x_wconf 91' lang='lat' dir='ltr'>incumbat.</span> 
     </span>
    </p>

    <p class='ocr_par' dir='ltr' id='par_1_42' title="bbox 67 2319 1180 2496">
     <span class='ocr_line' id='line_1_63' title="bbox 67 2319 1179 2364; baseline -0.001 -12"><span class='ocrx_word' id='word_1_333' title='bbox 67 2331 92 2352; x_wconf 90' lang='lat' dir='ltr'>c.</span> <span class='ocrx_word' id='word_1_334' title='bbox 110 2319 189 2352; x_wconf 82' lang='lat' dir='ltr'>decr.</span> <span class='ocrx_word' id='word_1_335' title='bbox 255 2332 289 2352; x_wconf 92' lang='lat' dir='ltr'>re</span> <span class='ocrx_word' id='word_1_336' title='bbox 311 2333 350 2352; x_wconf 87' lang='lat' dir='ltr'>ar.</span> <span class='ocrx_word' id='word_1_337' title='bbox 371 2321 433 2358; x_wconf 85' lang='lat' dir='ltr'>(vel</span> <span class='ocrx_word' id='word_1_338' title='bbox 449 2329 570 2359; x_wconf 91' lang='lat' dir='ltr'>constr.,</span> <span class='ocrx_word' id='word_1_339' title='bbox 590 2321 726 2364; x_wconf 64' lang='lat' dir='ltr'>perfect„</span> <span class='ocrx_word' id='word_1_340' title='bbox 744 2320 883 2358; x_wconf 85' lang='lat' dir='ltr'>reaedif.)</span> <span class='ocrx_word' id='word_1_341' title='bbox 903 2320 983 2353; x_wconf 91' lang='lat' dir='ltr'>dom.</span> <span class='ocrx_word' id='word_1_342' title='bbox 1004 2320 1099 2364; x_wconf 87' lang='lat' dir='ltr'>epalis</span> <span class='ocrx_word' id='word_1_343' title='bbox 1119 2320 1179 2358; x_wconf 83' lang='lat' dir='ltr'>(vel</span> 
     </span>
     <span class='ocr_line' id='line_1_64' title="bbox 148 2333 1180 2408; baseline -0.001 -12"><span class='ocrx_word' id='word_1_344' title='bbox 148 2333 338 2408; x_wconf 66' lang='lat' dir='ltr'>archiepalls)</span> <span class='ocrx_word' id='word_1_345' title='bbox 364 2379 399 2394; x_wconf 76' lang='lat' dir='ltr'><strong><em>z</em></strong></span> <span class='ocrx_word' id='word_1_346' title='bbox 424 2377 497 2397; x_wconf 90' lang='lat' dir='ltr'>cum</span> <span class='ocrx_word' id='word_1_347' title='bbox 519 2365 650 2403; x_wconf 90' lang='lat' dir='ltr'>decreto,</span> <span class='ocrx_word' id='word_1_348' title='bbox 674 2365 758 2408; x_wconf 91' lang='lat' dir='ltr'>quod</span> <span class='ocrx_word' id='word_1_349' title='bbox 782 2365 893 2397; x_wconf 90' lang='lat' dir='ltr'>domus</span> <span class='ocrx_word' id='word_1_350' title='bbox 916 2364 1095 2408; x_wconf 85' lang='lat' dir='ltr'>episcopalis</span> <span class='ocrx_word' id='word_1_351' title='bbox 1120 2364 1180 2402; x_wconf 80' lang='lat' dir='ltr'>(vel</span> 
     </span>
     <span class='ocr_line' id='line_1_65' title="bbox 148 2408 1179 2452; baseline 0 -12"><span class='ocrx_word' id='word_1_352' title='bbox 148 2408 249 2440; x_wconf 85' lang='lat' dir='ltr'>archie</span> <span class='ocrx_word' id='word_1_353' title='bbox 272 2408 423 2452; x_wconf 89' lang='lat' dir='ltr'>iscopalis)</span> <span class='ocrx_word' id='word_1_354' title='bbox 446 2411 628 2452; x_wconf 89' lang='lat' dir='ltr'>reparationi</span> <span class='ocrx_word' id='word_1_355' title='bbox 652 2409 713 2447; x_wconf 81' lang='lat' dir='ltr'>(vel</span> <span class='ocrx_word' id='word_1_356' title='bbox 736 2411 964 2446; x_wconf 85' lang='lat' dir='ltr'>constructioni,</span> <span class='ocrx_word' id='word_1_357' title='bbox 988 2408 1179 2452; x_wconf 79' lang='lat' dir='ltr'>perfectioni,</span> 
     </span>
     <span class='ocr_line' id='line_1_66' title="bbox 147 2420 795 2496; baseline 0.002 -12"><span class='ocrx_word' id='word_1_358' title='bbox 147 2420 398 2490; x_wconf 48' lang='lat' dir='ltr'>reaedificationi)</span> <span class='ocrx_word' id='word_1_359' title='bbox 419 2465 474 2496; x_wconf 93' lang='lat' dir='ltr'>pro</span> <span class='ocrx_word' id='word_1_360' title='bbox 492 2452 608 2485; x_wconf 87' lang='lat' dir='ltr'>viribus</span> <span class='ocrx_word' id='word_1_361' title='bbox 628 2452 795 2485; x_wconf 92' lang='lat' dir='ltr'>incumbat.</span> 
     </span>
    </p>

    <p class='ocr_par' dir='ltr' id='par_1_43' title="bbox 67 2496 1180 2672">
     <span class='ocr_line' id='line_1_67' title="bbox 67 2496 1180 2535; baseline 0 -8"><span class='ocrx_word' id='word_1_362' title='bbox 67 2507 92 2527; x_wconf 91' lang='lat' dir='ltr'>c.</span> <span class='ocrx_word' id='word_1_363' title='bbox 156 2496 235 2528; x_wconf 91' lang='lat' dir='ltr'>decr.</span> <span class='ocrx_word' id='word_1_364' title='bbox 253 2508 316 2528; x_wconf 90' lang='lat' dir='ltr'>vac.</span> <span class='ocrx_word' id='word_1_365' title='bbox 335 2508 417 2528; x_wconf 84' lang='lat' dir='ltr'>mon.</span> <span class='ocrx_word' id='word_1_366' title='bbox 437 2497 517 2529; x_wconf 90' lang='lat' dir='ltr'>NN.</span> <span class='ocrx_word' id='word_1_367' title='bbox 538 2497 598 2535; x_wconf 77' lang='lat' dir='ltr'>(vel</span> <span class='ocrx_word' id='word_1_368' title='bbox 615 2498 720 2529; x_wconf 74' lang='lat' dir='ltr'>can.²¹&#39;⁵</span> <span class='ocrx_word' id='word_1_369' title='bbox 739 2497 788 2529; x_wconf 70' lang='lat' dir='ltr'>vel</span> <span class='ocrx_word' id='word_1_370' title='bbox 805 2499 910 2528; x_wconf 90' lang='lat' dir='ltr'>omnia</span> <span class='ocrx_word' id='word_1_371' title='bbox 928 2496 1031 2528; x_wconf 81' lang='lat' dir='ltr'>benef.</span> <span class='ocrx_word' id='word_1_372' title='bbox 1053 2510 1088 2524; x_wconf 73' lang='lat' dir='ltr'><strong><em>z</em></strong></span> <span class='ocrx_word' id='word_1_373' title='bbox 1108 2508 1180 2528; x_wconf 90' lang='lat' dir='ltr'>cum</span> 
     </span>
     <span class='ocr_line' id='line_1_68' title="bbox 148 2539 1180 2584; baseline -0.001 -12"><span class='ocrx_word' id='word_1_374' title='bbox 148 2539 278 2579; x_wconf 87' lang='lat' dir='ltr'>decret0‚</span> <span class='ocrx_word' id='word_1_375' title='bbox 292 2540 377 2584; x_wconf 92' lang='lat' dir='ltr'>quod</span> <span class='ocrx_word' id='word_1_376' title='bbox 390 2553 445 2584; x_wconf 91' lang='lat' dir='ltr'>per</span> <span class='ocrx_word' id='word_1_377' title='bbox 457 2541 636 2573; x_wconf 90' lang='lat' dir='ltr'>huiusmodi</span> <span class='ocrx_word' id='word_1_378' title='bbox 651 2543 856 2584; x_wconf 90' lang='lat' dir='ltr'>provisionem</span> <span class='ocrx_word' id='word_1_379' title='bbox 872 2540 932 2578; x_wconf 84' lang='lat' dir='ltr'>(vel</span> <span class='ocrx_word' id='word_1_380' title='bbox 946 2542 1180 2583; x_wconf 75' lang='lat' dir='ltr'>promotionem,</span> 
     </span>
     <span class='ocr_line' id='line_1_69' title="bbox 149 2583 1179 2622; baseline -0.002 -6"><span class='ocrx_word' id='word_1_381' title='bbox 149 2584 387 2622; x_wconf 88' lang='lat' dir='ltr'>translationem,</span> <span class='ocrx_word' id='word_1_382' title='bbox 404 2585 644 2622; x_wconf 90' lang='lat' dir='ltr'>concessionem)</span> <span class='ocrx_word' id='word_1_383' title='bbox 662 2587 883 2617; x_wconf 89' lang='lat' dir='ltr'>monasterium</span> <span class='ocrx_word' id='word_1_384' title='bbox 899 2584 979 2616; x_wconf 86' lang='lat' dir='ltr'>NN.</span> <span class='ocrx_word' id='word_1_385' title='bbox 999 2583 1059 2621; x_wconf 77' lang='lat' dir='ltr'>(vel</span> <span class='ocrx_word' id='word_1_386' title='bbox 1076 2584 1179 2615; x_wconf 76' lang='lat' dir='ltr'>can.‘²¹³</span> 
     </span>
     <span class='ocr_line' id='line_1_70' title="bbox 150 2627 1180 2672; baseline -0.001 -12"><span class='ocrx_word' id='word_1_387' title='bbox 150 2628 199 2660; x_wconf 80' lang='lat' dir='ltr'>vel</span> <span class='ocrx_word' id='word_1_388' title='bbox 211 2631 316 2661; x_wconf 84' lang='lat' dir='ltr'>onmia</span> <span class='ocrx_word' id='word_1_389' title='bbox 330 2628 492 2667; x_wconf 88' lang='lat' dir='ltr'>beneficia)</span> <span class='ocrx_word' id='word_1_390' title='bbox 507 2641 545 2661; x_wconf 89' lang='lat' dir='ltr'>eo</span> <span class='ocrx_word' id='word_1_391' title='bbox 558 2632 624 2672; x_wconf 91' lang='lat' dir='ltr'>ipso</span> <span class='ocrx_word' id='word_1_392' title='bbox 638 2629 783 2667; x_wconf 90' lang='lat' dir='ltr'>vace(n)t,</span> <span class='ocrx_word' id='word_1_393' title='bbox 798 2637 828 2660; x_wconf 86' lang='lat' dir='ltr'>et</span> <span class='ocrx_word' id='word_1_394' title='bbox 842 2640 949 2660; x_wconf 87' lang='lat' dir='ltr'>vacare</span> <span class='ocrx_word' id='word_1_395' title='bbox 963 2627 1180 2665; x_wconf 87' lang='lat' dir='ltr'>censea(n)tur.</span> 
     </span>
    </p>
   </div>
   <div class='ocr_carea' id='block_1_15' title="bbox 1241 1079 2355 2669">
    <p class='ocr_par' dir='ltr' id='par_1_44' title="bbox 1241 1079 2353 1199">
     <span class='ocr_line' id='line_1_71' title="bbox 1241 1079 2353 1123; baseline 0 -12"><span class='ocrx_word' id='word_1_396' title='bbox 1241 1092 1265 1111; x_wconf 88' lang='lat' dir='ltr'>c.</span> <span class='ocrx_word' id='word_1_397' title='bbox 1285 1079 1361 1123; x_wconf 88' lang='lat' dir='ltr'>disp.</span> <span class='ocrx_word' id='word_1_398' title='bbox 1428 1088 1483 1111; x_wconf 89' lang='lat' dir='ltr'>aet.</span> <span class='ocrx_word' id='word_1_399' title='bbox 1505 1094 1539 1108; x_wconf 74' lang='lat' dir='ltr'><strong><em>z</em></strong></span> <span class='ocrx_word' id='word_1_400' title='bbox 1559 1091 1631 1111; x_wconf 92' lang='lat' dir='ltr'>cum</span> <span class='ocrx_word' id='word_1_401' title='bbox 1648 1079 1876 1123; x_wconf 88' lang='lat' dir='ltr'>dispensatione</span> <span class='ocrx_word' id='word_1_402' title='bbox 1894 1091 1984 1122; x_wconf 88' lang='lat' dir='ltr'>super</span> <span class='ocrx_word' id='word_1_403' title='bbox 2000 1091 2047 1117; x_wconf 80' lang='lat' dir='ltr'>eo,</span> <span class='ocrx_word' id='word_1_404' title='bbox 2065 1079 2149 1122; x_wconf 92' lang='lat' dir='ltr'>quod</span> <span class='ocrx_word' id='word_1_405' title='bbox 2167 1079 2206 1111; x_wconf 89' lang='lat' dir='ltr'>ad</span> <span class='ocrx_word' id='word_1_406' title='bbox 2224 1087 2353 1111; x_wconf 85' lang='lat' dir='ltr'>aetatem</span> 
     </span>
     <span class='ocr_line' id='line_1_72' title="bbox 1322 1122 2353 1166; baseline -0.001 -11"><span class='ocrx_word' id='word_1_407' title='bbox 1322 1127 1503 1155; x_wconf 87' lang='lat' dir='ltr'>canonicam</span> <span class='ocrx_word' id='word_1_408' title='bbox 1528 1123 1602 1161; x_wconf 83' lang='lat' dir='ltr'>(scil.</span> <span class='ocrx_word' id='word_1_409' title='bbox 1629 1125 1668 1155; x_wconf 81' lang='lat'>30</span> <span class='ocrx_word' id='word_1_410' title='bbox 1690 1136 1844 1155; x_wconf 89' lang='lat' dir='ltr'>annorum</span> <span class='ocrx_word' id='word_1_411' title='bbox 1867 1122 2100 1166; x_wconf 87' lang='lat' dir='ltr'>completorum)</span> <span class='ocrx_word' id='word_1_412' title='bbox 2125 1123 2267 1155; x_wconf 91' lang='lat' dir='ltr'>nondum</span> <span class='ocrx_word' id='word_1_413' title='bbox 2290 1135 2353 1166; x_wconf 89' lang='lat' dir='ltr'>per-</span> 
     </span>
     <span class='ocr_line' id='line_1_73' title="bbox 1323 1176 1448 1199; baseline 0 0"><span class='ocrx_word' id='word_1_414' title='bbox 1323 1176 1448 1199; x_wconf 82' lang='lat' dir='ltr'>venerlt.</span> 
     </span>
    </p>

    <p class='ocr_par' dir='ltr' id='par_1_45' title="bbox 1241 1213 2353 1304">
     <span class='ocr_line' id='line_1_74' title="bbox 1241 1213 2353 1258; baseline -0.001 -12"><span class='ocrx_word' id='word_1_415' title='bbox 1241 1226 1265 1247; x_wconf 88' lang='lat' dir='ltr'>c.</span> <span class='ocrx_word' id='word_1_416' title='bbox 1288 1214 1365 1258; x_wconf 90' lang='lat' dir='ltr'>disp.</span> <span class='ocrx_word' id='word_1_417' title='bbox 1441 1214 1552 1258; x_wconf 80' lang='lat' dir='ltr'>graduS</span> <span class='ocrx_word' id='word_1_418' title='bbox 1576 1229 1611 1242; x_wconf 75' lang='grc'>--</span> <span class='ocrx_word' id='word_1_419' title='bbox 1635 1226 1707 1246; x_wconf 91' lang='lat' dir='ltr'>cum</span> <span class='ocrx_word' id='word_1_420' title='bbox 1729 1214 1956 1257; x_wconf 88' lang='lat' dir='ltr'>dispensatione</span> <span class='ocrx_word' id='word_1_421' title='bbox 1979 1225 2069 1256; x_wconf 89' lang='lat' dir='ltr'>super</span> <span class='ocrx_word' id='word_1_422' title='bbox 2091 1225 2136 1251; x_wconf 87' lang='lat' dir='ltr'>eo,</span> <span class='ocrx_word' id='word_1_423' title='bbox 2159 1213 2243 1256; x_wconf 90' lang='lat' dir='ltr'>quod</span> <span class='ocrx_word' id='word_1_424' title='bbox 2265 1213 2353 1245; x_wconf 91' lang='lat' dir='ltr'>nullo</span> 
     </span>
     <span class='ocr_line' id='line_1_75' title="bbox 1324 1260 1752 1304; baseline -0.002 -12"><span class='ocrx_word' id='word_1_425' title='bbox 1324 1261 1419 1304; x_wconf 85' lang='lat' dir='ltr'>gradu</span> <span class='ocrx_word' id='word_1_426' title='bbox 1439 1261 1613 1293; x_wconf 89' lang='lat' dir='ltr'>doctoratus</span> <span class='ocrx_word' id='word_1_427' title='bbox 1631 1260 1752 1304; x_wconf 90' lang='lat' dir='ltr'>polleat.</span> 
     </span>
    </p>

    <p class='ocr_par' dir='ltr' id='par_1_46' title="bbox 1241 1307 2353 1430">
     <span class='ocr_line' id='line_1_76' title="bbox 1241 1307 2353 1353; baseline 0.004 -15"><span class='ocrx_word' id='word_1_428' title='bbox 1241 1319 1264 1340; x_wconf 91' lang='lat' dir='ltr'>c.</span> <span class='ocrx_word' id='word_1_429' title='bbox 1292 1307 1368 1351; x_wconf 87' lang='lat' dir='ltr'>disp.</span> <span class='ocrx_word' id='word_1_430' title='bbox 1450 1307 1553 1350; x_wconf 70' lang='lat' dir='ltr'>pbr.‘¹¹⁵</span> <span class='ocrx_word' id='word_1_431' title='bbox 1578 1307 1640 1339; x_wconf 93' lang='lat' dir='ltr'>ord.</span> <span class='ocrx_word' id='word_1_432' title='bbox 1670 1322 1706 1336; x_wconf 75' lang='lat' dir='ltr'><strong><em>z</em></strong></span> <span class='ocrx_word' id='word_1_433' title='bbox 1733 1320 1805 1340; x_wconf 90' lang='lat' dir='ltr'>cum</span> <span class='ocrx_word' id='word_1_434' title='bbox 1830 1308 2056 1351; x_wconf 88' lang='lat' dir='ltr'>dispensatione</span> <span class='ocrx_word' id='word_1_435' title='bbox 2082 1320 2172 1352; x_wconf 90' lang='lat' dir='ltr'>super</span> <span class='ocrx_word' id='word_1_436' title='bbox 2197 1321 2242 1347; x_wconf 91' lang='lat' dir='ltr'>eo,</span> <span class='ocrx_word' id='word_1_437' title='bbox 2269 1309 2353 1353; x_wconf 91' lang='lat' dir='ltr'>quod</span> 
     </span>
     <span class='ocr_line' id='line_1_77' title="bbox 1324 1351 2353 1395; baseline 0.003 -13"><span class='ocrx_word' id='word_1_438' title='bbox 1324 1364 1387 1383; x_wconf 90' lang='lat' dir='ltr'>non</span> <span class='ocrx_word' id='word_1_439' title='bbox 1407 1354 1445 1383; x_wconf 90' lang='lat' dir='ltr'>sit</span> <span class='ocrx_word' id='word_1_440' title='bbox 1463 1354 1496 1383; x_wconf 93' lang='lat' dir='ltr'>in</span> <span class='ocrx_word' id='word_1_441' title='bbox 1515 1363 1597 1383; x_wconf 87' lang='lat' dir='ltr'>sacro</span> <span class='ocrx_word' id='word_1_442' title='bbox 1617 1351 1841 1395; x_wconf 88' lang='lat' dir='ltr'>presbyteratus</span> <span class='ocrx_word' id='word_1_443' title='bbox 1859 1352 1966 1384; x_wconf 89' lang='lat' dir='ltr'>ordine</span> <span class='ocrx_word' id='word_1_444' title='bbox 1985 1361 2057 1384; x_wconf 87' lang='lat' dir='ltr'>ante</span> <span class='ocrx_word' id='word_1_445' title='bbox 2076 1364 2127 1384; x_wconf 90' lang='lat' dir='ltr'>sex</span> <span class='ocrx_word' id='word_1_446' title='bbox 2146 1365 2265 1385; x_wconf 89' lang='lat' dir='ltr'>menses</span> <span class='ocrx_word' id='word_1_447' title='bbox 2284 1365 2353 1385; x_wconf 92' lang='lat' dir='ltr'>con-</span> 
     </span>
     <span class='ocr_line' id='line_1_78' title="bbox 1323 1401 1455 1430; baseline 0 0"><span class='ocrx_word' id='word_1_448' title='bbox 1323 1401 1455 1430; x_wconf 78' lang='lat' dir='ltr'>stitutus.</span> 
     </span>
    </p>

    <p class='ocr_par' dir='ltr' id='par_1_47' title="bbox 1241 1445 2353 1666">
     <span class='ocr_line' id='line_1_79' title="bbox 1241 1445 2353 1489; baseline 0.001 -13"><span class='ocrx_word' id='word_1_449' title='bbox 1241 1457 1266 1476; x_wconf 90' lang='lat' dir='ltr'>c.</span> <span class='ocrx_word' id='word_1_450' title='bbox 1284 1445 1347 1477; x_wconf 83' lang='lat' dir='ltr'>ind.</span> <span class='ocrx_word' id='word_1_451' title='bbox 1410 1457 1491 1477; x_wconf 91' lang='lat' dir='ltr'>cons.</span> <span class='ocrx_word' id='word_1_452' title='bbox 1509 1457 1556 1488; x_wconf 92' lang='lat' dir='ltr'>ep.</span> <span class='ocrx_word' id='word_1_453' title='bbox 1574 1453 1605 1477; x_wconf 88' lang='lat' dir='ltr'>et</span> <span class='ocrx_word' id='word_1_454' title='bbox 1621 1447 1641 1476; x_wconf 83' lang='lat'>2</span> <span class='ocrx_word' id='word_1_455' title='bbox 1655 1445 1739 1489; x_wconf 85' lang='lat' dir='ltr'>dign.</span> <span class='ocrx_word' id='word_1_456' title='bbox 1759 1445 1820 1482; x_wconf 80' lang='lat' dir='ltr'>(vel</span> <span class='ocrx_word' id='word_1_457' title='bbox 1836 1447 1855 1476; x_wconf 85' lang='lat'>2</span> <span class='ocrx_word' id='word_1_458' title='bbox 1871 1445 1950 1483; x_wconf 63' lang='lat' dir='ltr'>abb„</span> <span class='ocrx_word' id='word_1_459' title='bbox 1967 1445 2016 1477; x_wconf 80' lang='lat' dir='ltr'>vel</span> <span class='ocrx_word' id='word_1_460' title='bbox 2032 1447 2052 1477; x_wconf 83' lang='lat'>2</span> <span class='ocrx_word' id='word_1_461' title='bbox 2067 1445 2146 1489; x_wconf 87' lang='lat' dir='ltr'>pbr.)</span> <span class='ocrx_word' id='word_1_462' title='bbox 2166 1460 2201 1474; x_wconf 76' lang='lat' dir='ltr'><strong><em>z</em></strong></span> <span class='ocrx_word' id='word_1_463' title='bbox 2220 1458 2291 1477; x_wconf 92' lang='lat' dir='ltr'>cum</span> <span class='ocrx_word' id='word_1_464' title='bbox 2308 1448 2353 1477; x_wconf 93' lang='lat' dir='ltr'>in-</span> 
     </span>
     <span class='ocr_line' id='line_1_80' title="bbox 1323 1489 2353 1533; baseline 0 -12"><span class='ocrx_word' id='word_1_465' title='bbox 1323 1489 1412 1521; x_wconf 92' lang='lat' dir='ltr'>dulto</span> <span class='ocrx_word' id='word_1_466' title='bbox 1432 1489 1618 1533; x_wconf 89' lang='lat' dir='ltr'>suscipiendi</span> <span class='ocrx_word' id='word_1_467' title='bbox 1640 1492 1900 1521; x_wconf 87' lang='lat' dir='ltr'>consecrationem</span> <span class='ocrx_word' id='word_1_468' title='bbox 1921 1489 1960 1521; x_wconf 85' lang='lat' dir='ltr'>ab</span> <span class='ocrx_word' id='word_1_469' title='bbox 1980 1492 2073 1521; x_wconf 90' lang='lat' dir='ltr'>unico</span> <span class='ocrx_word' id='word_1_470' title='bbox 2093 1492 2227 1522; x_wconf 90' lang='lat' dir='ltr'>antistite</span> <span class='ocrx_word' id='word_1_471' title='bbox 2248 1502 2353 1522; x_wconf 88' lang='lat' dir='ltr'>earum</span> 
     </span>
     <span class='ocr_line' id='line_1_81' title="bbox 1323 1533 2353 1577; baseline 0 -12"><span class='ocrx_word' id='word_1_472' title='bbox 1323 1536 1493 1577; x_wconf 87' lang='lat' dir='ltr'>regionum,</span> <span class='ocrx_word' id='word_1_473' title='bbox 1523 1533 1733 1566; x_wconf 88' lang='lat' dir='ltr'>assistentibus</span> <span class='ocrx_word' id='word_1_474' title='bbox 1760 1533 1883 1566; x_wconf 92' lang='lat' dir='ltr'>duobus</span> <span class='ocrx_word' id='word_1_475' title='bbox 1911 1533 2094 1577; x_wconf 86' lang='lat' dir='ltr'>dignitatem</span> <span class='ocrx_word' id='word_1_476' title='bbox 2122 1533 2353 1565; x_wconf 87' lang='lat' dir='ltr'>ecclesiasticam</span> 
     </span>
     <span class='ocr_line' id='line_1_82' title="bbox 1323 1577 2353 1616; baseline -0.001 -7"><span class='ocrx_word' id='word_1_477' title='bbox 1323 1577 1535 1610; x_wconf 90' lang='lat' dir='ltr'>obtinentibus</span> <span class='ocrx_word' id='word_1_478' title='bbox 1558 1578 1619 1615; x_wconf 81' lang='lat' dir='ltr'>(vel</span> <span class='ocrx_word' id='word_1_479' title='bbox 1642 1577 1851 1609; x_wconf 86' lang='lat' dir='ltr'>assistentibus</span> <span class='ocrx_word' id='word_1_480' title='bbox 1872 1577 1995 1609; x_wconf 90' lang='lat' dir='ltr'>duobus</span> <span class='ocrx_word' id='word_1_481' title='bbox 2017 1577 2186 1616; x_wconf 81' lang='lat' dir='ltr'>abbatibus,</span> <span class='ocrx_word' id='word_1_482' title='bbox 2210 1577 2258 1609; x_wconf 82' lang='lat' dir='ltr'>vel</span> <span class='ocrx_word' id='word_1_483' title='bbox 2280 1577 2353 1609; x_wconf 88' lang='lat' dir='ltr'>duo-</span> 
     </span>
     <span class='ocr_line' id='line_1_83' title="bbox 1324 1622 1603 1666; baseline 0.004 -12"><span class='ocrx_word' id='word_1_484' title='bbox 1324 1622 1381 1654; x_wconf 89' lang='lat' dir='ltr'>bus</span> <span class='ocrx_word' id='word_1_485' title='bbox 1402 1622 1603 1666; x_wconf 82' lang='lat' dir='ltr'>presbyteris).</span> 
     </span>
    </p>

    <p class='ocr_par' dir='ltr' id='par_1_48' title="bbox 1242 1667 2353 1833">
     <span class='ocr_line' id='line_1_84' title="bbox 1242 1667 2352 1711; baseline -0.001 -11"><span class='ocrx_word' id='word_1_486' title='bbox 1242 1681 1266 1700; x_wconf 90' lang='lat' dir='ltr'>c.</span> <span class='ocrx_word' id='word_1_487' title='bbox 1286 1669 1348 1700; x_wconf 92' lang='lat' dir='ltr'>ind.</span> <span class='ocrx_word' id='word_1_488' title='bbox 1417 1681 1480 1700; x_wconf 91' lang='lat' dir='ltr'>non</span> <span class='ocrx_word' id='word_1_489' title='bbox 1498 1669 1586 1700; x_wconf 86' lang='lat' dir='ltr'>resid.</span> <span class='ocrx_word' id='word_1_490' title='bbox 1608 1683 1643 1697; x_wconf 76' lang='lat' dir='ltr'><strong><em>z</em></strong></span> <span class='ocrx_word' id='word_1_491' title='bbox 1663 1680 1735 1700; x_wconf 88' lang='lat' dir='ltr'>cum</span> <span class='ocrx_word' id='word_1_492' title='bbox 1754 1668 1885 1706; x_wconf 88' lang='lat' dir='ltr'>indulto,</span> <span class='ocrx_word' id='word_1_493' title='bbox 1904 1668 1989 1711; x_wconf 91' lang='lat' dir='ltr'>quod</span> <span class='ocrx_word' id='word_1_494' title='bbox 2007 1668 2045 1700; x_wconf 89' lang='lat' dir='ltr'>ad</span> <span class='ocrx_word' id='word_1_495' title='bbox 2063 1668 2177 1700; x_wconf 89' lang='lat' dir='ltr'>dictam</span> <span class='ocrx_word' id='word_1_496' title='bbox 2195 1667 2352 1700; x_wconf 85' lang='lat' dir='ltr'>ecclesiam</span> 
     </span>
     <span class='ocr_line' id='line_1_85' title="bbox 1325 1711 2352 1750; baseline -0.001 -6"><span class='ocrx_word' id='word_1_497' title='bbox 1325 1713 1399 1750; x_wconf 81' lang='lat' dir='ltr'>(scil.</span> <span class='ocrx_word' id='word_1_498' title='bbox 1422 1712 1581 1745; x_wconf 86' lang='lat' dir='ltr'>ecclesiam</span> <span class='ocrx_word' id='word_1_499' title='bbox 1603 1712 1769 1750; x_wconf 87' lang='lat' dir='ltr'>titularem)</span> <span class='ocrx_word' id='word_1_500' title='bbox 1791 1712 1890 1744; x_wconf 90' lang='lat' dir='ltr'>donec</span> <span class='ocrx_word' id='word_1_501' title='bbox 1912 1712 1950 1744; x_wconf 90' lang='lat' dir='ltr'>ab</span> <span class='ocrx_word' id='word_1_502' title='bbox 1972 1711 2149 1745; x_wconf 88' lang='lat' dir='ltr'>infidelibus</span> <span class='ocrx_word' id='word_1_503' title='bbox 2171 1711 2352 1749; x_wconf 89' lang='lat' dir='ltr'>detineatur,</span> 
     </span>
     <span class='ocr_line' id='line_1_86' title="bbox 1324 1755 2353 1800; baseline -0.002 -12"><span class='ocrx_word' id='word_1_504' title='bbox 1324 1757 1467 1789; x_wconf 89' lang='lat' dir='ltr'>accedere</span> <span class='ocrx_word' id='word_1_505' title='bbox 1493 1765 1524 1788; x_wconf 89' lang='lat' dir='ltr'>et</span> <span class='ocrx_word' id='word_1_506' title='bbox 1552 1757 1635 1800; x_wconf 87' lang='lat' dir='ltr'>apud</span> <span class='ocrx_word' id='word_1_507' title='bbox 1663 1756 1747 1788; x_wconf 90' lang='lat' dir='ltr'>illam</span> <span class='ocrx_word' id='word_1_508' title='bbox 1775 1756 1973 1800; x_wconf 88' lang='lat' dir='ltr'>personaliter</span> <span class='ocrx_word' id='word_1_509' title='bbox 1999 1755 2130 1788; x_wconf 90' lang='lat' dir='ltr'>residere</span> <span class='ocrx_word' id='word_1_510' title='bbox 2157 1758 2286 1787; x_wconf 88' lang='lat' dir='ltr'>minime</span> <span class='ocrx_word' id='word_1_511' title='bbox 2313 1763 2353 1786; x_wconf 91' lang='lat' dir='ltr'>te-</span> 
     </span>
     <span class='ocr_line' id='line_1_87' title="bbox 1324 1810 1441 1833; baseline 0 0"><span class='ocrx_word' id='word_1_512' title='bbox 1324 1810 1441 1833; x_wconf 85' lang='lat' dir='ltr'>neatur.</span> 
     </span>
    </p>

    <p class='ocr_par' dir='ltr' id='par_1_49' title="bbox 1241 1845 2353 1979">
     <span class='ocr_line' id='line_1_88' title="bbox 1241 1845 2351 1891; baseline -0.003 -12"><span class='ocrx_word' id='word_1_513' title='bbox 1241 1860 1265 1879; x_wconf 92' lang='lat' dir='ltr'>c.</span> <span class='ocrx_word' id='word_1_514' title='bbox 1286 1860 1393 1879; x_wconf 88' lang='lat' dir='ltr'>reserv.</span> <span class='ocrx_word' id='word_1_515' title='bbox 1415 1860 1499 1891; x_wconf 89' lang='lat' dir='ltr'>pens.</span> <span class='ocrx_word' id='word_1_516' title='bbox 1522 1848 1601 1879; x_wconf 88' lang='lat' dir='ltr'>NN.</span> <span class='ocrx_word' id='word_1_517' title='bbox 1622 1860 1678 1891; x_wconf 89' lang='lat' dir='ltr'>pro</span> <span class='ocrx_word' id='word_1_518' title='bbox 1696 1859 1771 1890; x_wconf 88' lang='lat' dir='ltr'>pers.</span> <span class='ocrx_word' id='word_1_519' title='bbox 1794 1846 1983 1878; x_wconf 88' lang='lat' dir='ltr'>nominanda</span> <span class='ocrx_word' id='word_1_520' title='bbox 2004 1846 2065 1884; x_wconf 81' lang='lat' dir='ltr'>(vel</span> <span class='ocrx_word' id='word_1_521' title='bbox 2085 1845 2293 1883; x_wconf 88' lang='lat' dir='ltr'>nominandis)</span> <span class='ocrx_word' id='word_1_522' title='bbox 2315 1859 2351 1874; x_wconf 68' lang='lat' dir='ltr'><em>z</em></span> 
     </span>
     <span class='ocr_line' id='line_1_89' title="bbox 1323 1890 2353 1934; baseline -0.003 -11"><span class='ocrx_word' id='word_1_523' title='bbox 1323 1904 1395 1924; x_wconf 91' lang='lat' dir='ltr'>cum</span> <span class='ocrx_word' id='word_1_524' title='bbox 1414 1894 1616 1923; x_wconf 87' lang='lat' dir='ltr'>reservatione</span> <span class='ocrx_word' id='word_1_525' title='bbox 1636 1894 1792 1934; x_wconf 90' lang='lat' dir='ltr'>pensionis</span> <span class='ocrx_word' id='word_1_526' title='bbox 1812 1891 1880 1928; x_wconf 80' lang='lat' dir='ltr'>(seu</span> <span class='ocrx_word' id='word_1_527' title='bbox 1898 1890 2095 1934; x_wconf 90' lang='lat' dir='ltr'>pensionum)</span> <span class='ocrx_word' id='word_1_528' title='bbox 2116 1890 2195 1921; x_wconf 90' lang='lat' dir='ltr'>NN.</span> <span class='ocrx_word' id='word_1_529' title='bbox 2217 1901 2272 1932; x_wconf 93' lang='lat' dir='ltr'>pro</span> <span class='ocrx_word' id='word_1_530' title='bbox 2290 1901 2353 1932; x_wconf 92' lang='lat' dir='ltr'>per-</span> 
     </span>
     <span class='ocr_line' id='line_1_90' title="bbox 1324 1934 2087 1979; baseline -0.003 -11"><span class='ocrx_word' id='word_1_531' title='bbox 1324 1948 1397 1968; x_wconf 90' lang='lat' dir='ltr'>sona</span> <span class='ocrx_word' id='word_1_532' title='bbox 1418 1936 1607 1968; x_wconf 87' lang='lat' dir='ltr'>nominanda</span> <span class='ocrx_word' id='word_1_533' title='bbox 1631 1935 1691 1973; x_wconf 80' lang='lat' dir='ltr'>(vel</span> <span class='ocrx_word' id='word_1_534' title='bbox 1713 1938 1849 1979; x_wconf 89' lang='lat' dir='ltr'>personis</span> <span class='ocrx_word' id='word_1_535' title='bbox 1869 1934 2087 1971; x_wconf 90' lang='lat' dir='ltr'>nominandis).</span> 
     </span>
    </p>

    <p class='ocr_par' dir='ltr' id='par_1_50' title="bbox 1241 1979 2354 2115">
     <span class='ocr_line' id='line_1_91' title="bbox 1241 1979 2354 2026; baseline -0.004 -11"><span class='ocrx_word' id='word_1_536' title='bbox 1241 1983 1346 2026; x_wconf 86' lang='lat' dir='ltr'>deput.</span> <span class='ocrx_word' id='word_1_537' title='bbox 1369 1983 1464 2015; x_wconf 90' lang='lat' dir='ltr'>coadi.</span> <span class='ocrx_word' id='word_1_538' title='bbox 1487 1982 1560 2015; x_wconf 79' lang='lat' dir='ltr'>c.f.s.</span> <span class='ocrx_word' id='word_1_539' title='bbox 1584 1982 1663 2014; x_wconf 89' lang='lat' dir='ltr'>NN.</span> <span class='ocrx_word' id='word_1_540' title='bbox 1688 1996 1723 2010; x_wconf 72' lang='lat' dir='ltr'><em>z</em></span> <span class='ocrx_word' id='word_1_541' title='bbox 1746 1982 1912 2025; x_wconf 89' lang='lat' dir='ltr'>deputatur</span> <span class='ocrx_word' id='word_1_542' title='bbox 1933 1984 1965 2012; x_wconf 92' lang='lat' dir='ltr'>in</span> <span class='ocrx_word' id='word_1_543' title='bbox 1987 1980 2193 2012; x_wconf 88' lang='lat' dir='ltr'>coadiutorem</span> <span class='ocrx_word' id='word_1_544' title='bbox 2213 1991 2287 2011; x_wconf 91' lang='lat' dir='ltr'>cum</span> <span class='ocrx_word' id='word_1_545' title='bbox 2306 1979 2354 2011; x_wconf 83' lang='lat' dir='ltr'>fu-</span> 
     </span>
     <span class='ocr_line' id='line_1_92' title="bbox 1325 2023 2354 2069; baseline -0.005 -10"><span class='ocrx_word' id='word_1_546' title='bbox 1325 2036 1392 2059; x_wconf 90' lang='lat' dir='ltr'>tura</span> <span class='ocrx_word' id='word_1_547' title='bbox 1419 2029 1608 2059; x_wconf 89' lang='lat' dir='ltr'>successione</span> <span class='ocrx_word' id='word_1_548' title='bbox 1635 2029 1779 2069; x_wconf 90' lang='lat' dir='ltr'>episcopo</span> <span class='ocrx_word' id='word_1_549' title='bbox 1805 2026 1884 2058; x_wconf 88' lang='lat' dir='ltr'>NN.</span> <span class='ocrx_word' id='word_1_550' title='bbox 1913 2028 1978 2057; x_wconf 85' lang='lat' dir='ltr'>seni</span> <span class='ocrx_word' id='word_1_551' title='bbox 2005 2033 2035 2056; x_wconf 89' lang='lat' dir='ltr'>et</span> <span class='ocrx_word' id='word_1_552' title='bbox 2060 2023 2292 2061; x_wconf 84' lang='lat' dir='ltr'>valetudinario,</span> <span class='ocrx_word' id='word_1_553' title='bbox 2320 2035 2354 2054; x_wconf 88' lang='lat' dir='ltr'>ac</span> 
     </span>
     <span class='ocr_line' id='line_1_93' title="bbox 1325 2074 1769 2115; baseline -0.002 -13"><span class='ocrx_word' id='word_1_554' title='bbox 1325 2074 1455 2115; x_wconf 89' lang='lat' dir='ltr'>ipsomet</span> <span class='ocrx_word' id='word_1_555' title='bbox 1475 2074 1618 2114; x_wconf 89' lang='lat' dir='ltr'>episcopo</span> <span class='ocrx_word' id='word_1_556' title='bbox 1637 2078 1769 2114; x_wconf 85' lang='lat' dir='ltr'>petente.</span> 
     </span>
    </p>

    <p class='ocr_par' dir='ltr' id='par_1_51' title="bbox 1242 2114 2353 2298">
     <span class='ocr_line' id='line_1_94' title="bbox 1242 2114 2352 2161; baseline -0.005 -11"><span class='ocrx_word' id='word_1_557' title='bbox 1242 2118 1346 2161; x_wconf 88' lang='lat' dir='ltr'>deput.</span> <span class='ocrx_word' id='word_1_558' title='bbox 1369 2117 1495 2161; x_wconf 86' lang='lat' dir='ltr'>suffrag.</span> <span class='ocrx_word' id='word_1_559' title='bbox 1518 2117 1598 2149; x_wconf 82' lang='lat' dir='ltr'>NN.</span> <span class='ocrx_word' id='word_1_560' title='bbox 1621 2117 1659 2149; x_wconf 89' lang='lat' dir='ltr'>ad</span> <span class='ocrx_word' id='word_1_561' title='bbox 1680 2116 1789 2160; x_wconf 83' lang='lat' dir='ltr'>pontif.</span> <span class='ocrx_word' id='word_1_562' title='bbox 1814 2131 1849 2145; x_wconf 73' lang='lat' dir='ltr'><strong><em>z</em></strong></span> <span class='ocrx_word' id='word_1_563' title='bbox 1872 2116 2037 2159; x_wconf 86' lang='lat' dir='ltr'>deputatur</span> <span class='ocrx_word' id='word_1_564' title='bbox 2057 2117 2089 2146; x_wconf 91' lang='lat' dir='ltr'>in</span> <span class='ocrx_word' id='word_1_565' title='bbox 2111 2114 2352 2157; x_wconf 82' lang='lat' dir='ltr'>suffraganeum,</span> 
     </span>
     <span class='ocr_line' id='line_1_95' title="bbox 1324 2158 2353 2206; baseline -0.005 -11"><span class='ocrx_word' id='word_1_566' title='bbox 1324 2163 1386 2195; x_wconf 86' lang='lat' dir='ltr'>scil.</span> <span class='ocrx_word' id='word_1_567' title='bbox 1405 2163 1592 2201; x_wconf 83' lang='lat' dir='ltr'>auxiliarem,</span> <span class='ocrx_word' id='word_1_568' title='bbox 1611 2165 1754 2206; x_wconf 90' lang='lat' dir='ltr'>episcopo</span> <span class='ocrx_word' id='word_1_569' title='bbox 1771 2162 1851 2194; x_wconf 88' lang='lat' dir='ltr'>NN.</span> <span class='ocrx_word' id='word_1_570' title='bbox 1870 2162 1909 2194; x_wconf 89' lang='lat' dir='ltr'>ad</span> <span class='ocrx_word' id='word_1_571' title='bbox 1926 2160 2094 2194; x_wconf 89' lang='lat' dir='ltr'>exercenda</span> <span class='ocrx_word' id='word_1_572' title='bbox 2112 2159 2297 2203; x_wconf 86' lang='lat' dir='ltr'>pontificalia</span> <span class='ocrx_word' id='word_1_573' title='bbox 2314 2158 2353 2190; x_wconf 94' lang='lat' dir='ltr'>de</span> 
     </span>
     <span class='ocr_line' id='line_1_96' title="bbox 1324 2204 2353 2251; baseline -0.006 -10"><span class='ocrx_word' id='word_1_574' title='bbox 1324 2209 1447 2241; x_wconf 89' lang='lat' dir='ltr'>licentia</span> <span class='ocrx_word' id='word_1_575' title='bbox 1473 2208 1612 2241; x_wconf 87' lang='lat' dir='ltr'>eiusdem</span> <span class='ocrx_word' id='word_1_576' title='bbox 1636 2211 1770 2251; x_wconf 88' lang='lat' dir='ltr'>episcopi</span> <span class='ocrx_word' id='word_1_577' title='bbox 1796 2211 1828 2239; x_wconf 92' lang='lat' dir='ltr'>in</span> <span class='ocrx_word' id='word_1_578' title='bbox 1853 2210 1975 2239; x_wconf 87' lang='lat' dir='ltr'>civitate</span> <span class='ocrx_word' id='word_1_579' title='bbox 1999 2215 2029 2238; x_wconf 91' lang='lat' dir='ltr'>et</span> <span class='ocrx_word' id='word_1_580' title='bbox 2054 2206 2183 2238; x_wconf 88' lang='lat' dir='ltr'>dioecesi</span> <span class='ocrx_word' id='word_1_581' title='bbox 2209 2204 2353 2248; x_wconf 91' lang='lat' dir='ltr'>praedicti</span> 
     </span>
     <span class='ocr_line' id='line_1_97' title="bbox 1326 2258 1467 2298; baseline 0 -12"><span class='ocrx_word' id='word_1_582' title='bbox 1326 2258 1467 2298; x_wconf 87' lang='lat' dir='ltr'>episcopi.</span> 
     </span>
    </p>

    <p class='ocr_par' dir='ltr' id='par_1_52' title="bbox 1243 2300 2355 2482">
     <span class='ocr_line' id='line_1_98' title="bbox 1243 2300 2353 2345; baseline -0.002 -12"><span class='ocrx_word' id='word_1_583' title='bbox 1243 2305 1416 2345; x_wconf 86' lang='lat' dir='ltr'>iniungitur</span> <span class='ocrx_word' id='word_1_584' title='bbox 1484 2310 1598 2333; x_wconf 90' lang='lat' dir='ltr'>extens.</span> <span class='ocrx_word' id='word_1_585' title='bbox 1620 2301 1748 2344; x_wconf 87' lang='lat' dir='ltr'>regaliae</span> <span class='ocrx_word' id='word_1_586' title='bbox 1771 2315 1806 2329; x_wconf 75' lang='lat' dir='ltr'><strong><em>z</em></strong></span> <span class='ocrx_word' id='word_1_587' title='bbox 1830 2303 2011 2344; x_wconf 83' lang='lat' dir='ltr'>iniungitur,</span> <span class='ocrx_word' id='word_1_588' title='bbox 2033 2300 2116 2344; x_wconf 91' lang='lat' dir='ltr'>quod</span> <span class='ocrx_word' id='word_1_589' title='bbox 2137 2312 2252 2332; x_wconf 88' lang='lat' dir='ltr'>memor</span> <span class='ocrx_word' id='word_1_590' title='bbox 2272 2312 2353 2332; x_wconf 90' lang='lat' dir='ltr'>sanc-</span> 
     </span>
     <span class='ocr_line' id='line_1_99' title="bbox 1326 2345 2355 2389; baseline -0.002 -10"><span class='ocrx_word' id='word_1_591' title='bbox 1326 2350 1417 2379; x_wconf 92' lang='lat' dir='ltr'>tionis</span> <span class='ocrx_word' id='word_1_592' title='bbox 1442 2347 1645 2379; x_wconf 88' lang='lat' dir='ltr'>Oecumenici</span> <span class='ocrx_word' id='word_1_593' title='bbox 1671 2346 1806 2378; x_wconf 91' lang='lat' dir='ltr'>Concilii</span> <span class='ocrx_word' id='word_1_594' title='bbox 1832 2346 2050 2389; x_wconf 84' lang='lat' dir='ltr'>Lugdunensis</span> <span class='ocrx_word' id='word_1_595' title='bbox 2075 2359 2106 2378; x_wconf 89' lang='lat' dir='ltr'>se</span> <span class='ocrx_word' id='word_1_596' title='bbox 2131 2345 2280 2378; x_wconf 88' lang='lat' dir='ltr'>abstinere</span> <span class='ocrx_word' id='word_1_597' title='bbox 2306 2345 2355 2377; x_wconf 86' lang='lat' dir='ltr'>de-</span> 
     </span>
     <span class='ocr_line' id='line_1_100' title="bbox 1325 2391 2353 2436; baseline -0.003 -11"><span class='ocrx_word' id='word_1_598' title='bbox 1325 2393 1395 2425; x_wconf 88' lang='lat' dir='ltr'>beat</span> <span class='ocrx_word' id='word_1_599' title='bbox 1414 2405 1432 2425; x_wconf 91' lang='lat' dir='ltr'>a</span> <span class='ocrx_word' id='word_1_600' title='bbox 1453 2405 1652 2436; x_wconf 89' lang='lat' dir='ltr'>quocumque</span> <span class='ocrx_word' id='word_1_601' title='bbox 1673 2401 1748 2430; x_wconf 86' lang='lat' dir='ltr'>acto,</span> <span class='ocrx_word' id='word_1_602' title='bbox 1768 2404 1807 2423; x_wconf 89' lang='lat' dir='ltr'>ex</span> <span class='ocrx_word' id='word_1_603' title='bbox 1827 2405 1890 2435; x_wconf 91' lang='lat' dir='ltr'>quo</span> <span class='ocrx_word' id='word_1_604' title='bbox 1910 2395 1999 2423; x_wconf 87' lang='lat' dir='ltr'>tacite</span> <span class='ocrx_word' id='word_1_605' title='bbox 2020 2391 2068 2423; x_wconf 92' lang='lat' dir='ltr'>vel</span> <span class='ocrx_word' id='word_1_606' title='bbox 2089 2403 2227 2434; x_wconf 85' lang='lat' dir='ltr'>expresse</span> <span class='ocrx_word' id='word_1_607' title='bbox 2248 2391 2353 2422; x_wconf 78' lang='lat' dir='ltr'>inferri</span> 
     </span>
     <span class='ocr_line' id='line_1_101' title="bbox 1326 2437 1976 2482; baseline -0.002 -12"><span class='ocrx_word' id='word_1_608' title='bbox 1326 2441 1418 2482; x_wconf 91' lang='lat' dir='ltr'>possit</span> <span class='ocrx_word' id='word_1_609' title='bbox 1437 2438 1616 2482; x_wconf 85' lang='lat' dir='ltr'>approbatio</span> <span class='ocrx_word' id='word_1_610' title='bbox 1634 2441 1820 2470; x_wconf 87' lang='lat' dir='ltr'>extensionis</span> <span class='ocrx_word' id='word_1_611' title='bbox 1838 2437 1976 2481; x_wconf 85' lang='lat' dir='ltr'>regaliae.</span> 
     </span>
    </p>

    <p class='ocr_par' dir='ltr' id='par_1_53' title="bbox 1243 2485 2352 2575">
     <span class='ocr_line' id='line_1_102' title="bbox 1243 2485 2352 2527; baseline -0.003 -10"><span class='ocrx_word' id='word_1_612' title='bbox 1243 2498 1306 2517; x_wconf 93' lang='lat' dir='ltr'>non</span> <span class='ocrx_word' id='word_1_613' title='bbox 1327 2485 1431 2519; x_wconf 90' lang='lat' dir='ltr'>exced.</span> <span class='ocrx_word' id='word_1_614' title='bbox 1509 2486 1558 2516; x_wconf 69' lang='lat'>3⁵³·</span> <span class='ocrx_word' id='word_1_615' title='bbox 1582 2485 1618 2518; x_wconf 80' lang='lat' dir='ltr'>fr.</span> <span class='ocrx_word' id='word_1_616' title='bbox 1644 2499 1679 2513; x_wconf 72' lang='lat' dir='ltr'><em>z</em></span> <span class='ocrx_word' id='word_1_617' title='bbox 1704 2493 1739 2516; x_wconf 92' lang='lat' dir='ltr'>ut</span> <span class='ocrx_word' id='word_1_618' title='bbox 1758 2496 1866 2516; x_wconf 88' lang='lat' dir='ltr'>omnes</span> <span class='ocrx_word' id='word_1_619' title='bbox 1888 2487 2060 2527; x_wconf 88' lang='lat' dir='ltr'>pensiones,</span> <span class='ocrx_word' id='word_1_620' title='bbox 2084 2486 2176 2516; x_wconf 87' lang='lat' dir='ltr'>etiam</span> <span class='ocrx_word' id='word_1_621' title='bbox 2199 2486 2352 2526; x_wconf 86' lang='lat' dir='ltr'>antiquae,</span> 
     </span>
     <span class='ocr_line' id='line_1_103' title="bbox 1326 2532 2171 2575; baseline -0.004 -10"><span class='ocrx_word' id='word_1_622' title='bbox 1326 2534 1451 2566; x_wconf 90' lang='lat' dir='ltr'>insimul</span> <span class='ocrx_word' id='word_1_623' title='bbox 1472 2546 1535 2566; x_wconf 89' lang='lat' dir='ltr'>non</span> <span class='ocrx_word' id='word_1_624' title='bbox 1557 2532 1706 2565; x_wconf 83' lang='lat' dir='ltr'>excedant</span> <span class='ocrx_word' id='word_1_625' title='bbox 1727 2535 1846 2564; x_wconf 88' lang='lat' dir='ltr'>tertiam</span> <span class='ocrx_word' id='word_1_626' title='bbox 1866 2540 1983 2575; x_wconf 89' lang='lat' dir='ltr'>partem</span> <span class='ocrx_word' id='word_1_627' title='bbox 2003 2532 2171 2563; x_wconf 82' lang='lat' dir='ltr'>fructuum.</span> 
     </span>
    </p>

    <p class='ocr_par' dir='ltr' id='par_1_54' title="bbox 1244 2578 2355 2669">
     <span class='ocr_line' id='line_1_104' title="bbox 1244 2578 2355 2623; baseline -0.004 -11"><span class='ocrx_word' id='word_1_628' title='bbox 1244 2592 1392 2623; x_wconf 88' lang='lat' dir='ltr'>suspenso</span> <span class='ocrx_word' id='word_1_629' title='bbox 1456 2580 1493 2612; x_wconf 85' lang='lat' dir='ltr'>ad</span> <span class='ocrx_word' id='word_1_630' title='bbox 1512 2579 1632 2612; x_wconf 90' lang='lat' dir='ltr'>obitum</span> <span class='ocrx_word' id='word_1_631' title='bbox 1652 2594 1687 2607; x_wconf 70' lang='lat' dir='ltr'><em>z</em></span> <span class='ocrx_word' id='word_1_632' title='bbox 1708 2591 1856 2622; x_wconf 89' lang='lat' dir='ltr'>suspenso</span> <span class='ocrx_word' id='word_1_633' title='bbox 1873 2587 1976 2610; x_wconf 84' lang='lat' dir='ltr'>tamen</span> <span class='ocrx_word' id='word_1_634' title='bbox 1995 2578 2112 2610; x_wconf 81' lang='lat' dir='ltr'>effectu</span> <span class='ocrx_word' id='word_1_635' title='bbox 2130 2579 2295 2609; x_wconf 88' lang='lat' dir='ltr'>vacationis</span> <span class='ocrx_word' id='word_1_636' title='bbox 2312 2589 2355 2608; x_wconf 92' lang='lat' dir='ltr'>re-</span> 
     </span>
     <span class='ocr_line' id='line_1_105' title="bbox 1327 2623 2080 2669; baseline -0.005 -11"><span class='ocrx_word' id='word_1_637' title='bbox 1327 2634 1431 2669; x_wconf 86' lang='lat' dir='ltr'>spectu</span> <span class='ocrx_word' id='word_1_638' title='bbox 1451 2625 1695 2668; x_wconf 88' lang='lat' dir='ltr'>compatibilium</span> <span class='ocrx_word' id='word_1_639' title='bbox 1714 2637 1813 2668; x_wconf 89' lang='lat' dir='ltr'>usque</span> <span class='ocrx_word' id='word_1_640' title='bbox 1831 2624 1869 2656; x_wconf 88' lang='lat' dir='ltr'>ad</span> <span class='ocrx_word' id='word_1_641' title='bbox 1888 2628 1934 2656; x_wconf 91' lang='lat' dir='ltr'>sui</span> <span class='ocrx_word' id='word_1_642' title='bbox 1953 2623 2080 2656; x_wconf 88' lang='lat' dir='ltr'>obitum.</span> 
     </span>
    </p>
   </div>
   <div class='ocr_carea' id='block_1_16' title="bbox 343 2750 2061 2800">
    <p class='ocr_par' dir='ltr' id='par_1_55' title="bbox 343 2750 2061 2800">
     <span class='ocr_line' id='line_1_106' title="bbox 343 2750 2061 2800; baseline -0.003 -9"><span class='ocrx_word' id='word_1_643' title='bbox 343 2754 388 2799; x_wconf 89' lang='lat'>3)</span> <span class='ocrx_word' id='word_1_644' title='bbox 428 2753 537 2800; x_wconf 88' lang='lat' dir='ltr'>Sigla</span> <span class='ocrx_word' id='word_1_645' title='bbox 568 2765 610 2792; x_wconf 89' lang='lat' dir='ltr'>et</span> <span class='ocrx_word' id='word_1_646' title='bbox 642 2753 971 2791; x_wconf 87' lang='lat' dir='ltr'>abbreviationes</span> <span class='ocrx_word' id='word_1_647' title='bbox 1004 2753 1190 2790; x_wconf 81' lang='lat' dir='ltr'>fontium</span> <span class='ocrx_word' id='word_1_648' title='bbox 1224 2754 1267 2788; x_wconf 90' lang='lat' dir='ltr'>in</span> <span class='ocrx_word' id='word_1_649' title='bbox 1299 2750 1526 2788; x_wconf 88' lang='lat' dir='ltr'>Tabulario</span> <span class='ocrx_word' id='word_1_650' title='bbox 1558 2752 1761 2787; x_wconf 85' lang='lat' dir='ltr'>Vaticano</span> <span class='ocrx_word' id='word_1_651' title='bbox 1793 2751 2061 2786; x_wconf 87' lang='lat' dir='ltr'>existentium</span> 
     </span>
    </p>
   </div>
   <div class='ocr_carea' id='block_1_17' title="bbox 71 2856 1123 2947">
    <p class='ocr_par' dir='ltr' id='par_1_56' title="bbox 71 2856 1123 2947">
     <span class='ocr_line' id='line_1_107' title="bbox 71 2856 1123 2902; baseline 0 -13"><span class='ocrx_word' id='word_1_652' title='bbox 71 2856 130 2890; x_wconf 90' lang='lat' dir='ltr'>AC</span> <span class='ocrx_word' id='word_1_653' title='bbox 151 2871 187 2886; x_wconf 75' lang='lat' dir='ltr'><strong><em>z</em></strong></span> <span class='ocrx_word' id='word_1_654' title='bbox 209 2858 285 2890; x_wconf 89' lang='lat' dir='ltr'>Acta</span> <span class='ocrx_word' id='word_1_655' title='bbox 305 2858 462 2891; x_wconf 87' lang='lat' dir='ltr'>Camerari</span> <span class='ocrx_word' id='word_1_656' title='bbox 484 2859 567 2891; x_wconf 90' lang='lat' dir='ltr'>Sacri</span> <span class='ocrx_word' id='word_1_657' title='bbox 587 2858 720 2902; x_wconf 89' lang='lat' dir='ltr'>Collegii</span> <span class='ocrx_word' id='word_1_658' title='bbox 743 2858 848 2890; x_wconf 86' lang='lat' dir='ltr'>S.R.E.</span> <span class='ocrx_word' id='word_1_659' title='bbox 871 2857 1089 2891; x_wconf 88' lang='lat' dir='ltr'>Cardinalium</span> <span class='ocrx_word' id='word_1_660' title='bbox 1099 2857 1123 2895; x_wconf 87' lang='lat'>¹)</span> 
     </span>
     <span class='ocr_line' id='line_1_108' title="bbox 71 2900 960 2947; baseline 0 -14"><span class='ocrx_word' id='word_1_661' title='bbox 71 2900 107 2933; x_wconf 90' lang='lat' dir='ltr'>A.</span> <span class='ocrx_word' id='word_1_662' title='bbox 128 2901 222 2934; x_wconf 91' lang='lat' dir='ltr'>Cons.</span> <span class='ocrx_word' id='word_1_663' title='bbox 246 2916 283 2931; x_wconf 89' lang='lat'>=</span> <span class='ocrx_word' id='word_1_664' title='bbox 304 2902 382 2934; x_wconf 88' lang='lat' dir='ltr'>Acta</span> <span class='ocrx_word' id='word_1_665' title='bbox 404 2903 433 2935; x_wconf 90' lang='lat' dir='ltr'>S.</span> <span class='ocrx_word' id='word_1_666' title='bbox 455 2903 712 2947; x_wconf 86' lang='lat' dir='ltr'>Congregationis</span> <span class='ocrx_word' id='word_1_667' title='bbox 733 2902 960 2935; x_wconf 89' lang='lat' dir='ltr'>Consistorialis</span> 
     </span>
    </p>
   </div>
   <div class='ocr_carea' id='block_1_18' title="bbox 73 3032 1185 3132">
    <p class='ocr_par' dir='ltr' id='par_1_57' title="bbox 73 3032 1185 3132">
     <span class='ocr_line' id='line_1_109' title="bbox 144 3032 1184 3067; baseline -0.001 -7"><span class='ocrx_word' id='word_1_668' title='bbox 144 3032 163 3065; x_wconf 88' lang='lat'>¹)</span> <span class='ocrx_word' id='word_1_669' title='bbox 184 3033 234 3061; x_wconf 88' lang='lat' dir='ltr'>Pro</span> <span class='ocrx_word' id='word_1_670' title='bbox 254 3033 327 3060; x_wconf 79' lang='lat' dir='ltr'>Actis</span> <span class='ocrx_word' id='word_1_671' title='bbox 348 3034 493 3061; x_wconf 76' lang='lat' dir='ltr'>camerarii</span> <span class='ocrx_word' id='word_1_672' title='bbox 513 3044 528 3061; x_wconf 89' lang='lat' dir='ltr'>a</span> <span class='ocrx_word' id='word_1_673' title='bbox 547 3033 599 3061; x_wconf 91' lang='lat' dir='ltr'>vol.</span> <span class='ocrx_word' id='word_1_674' title='bbox 620 3036 654 3061; x_wconf 82' lang='lat'>49</span> <span class='ocrx_word' id='word_1_675' title='bbox 677 3034 711 3066; x_wconf 90' lang='lat' dir='ltr'>(a.</span> <span class='ocrx_word' id='word_1_676' title='bbox 736 3033 899 3065; x_wconf 87' lang='lat'>1800-1803)</span> <span class='ocrx_word' id='word_1_677' title='bbox 921 3040 947 3060; x_wconf 92' lang='lat' dir='ltr'>et</span> <span class='ocrx_word' id='word_1_678' title='bbox 967 3032 1101 3067; x_wconf 82' lang='lat' dir='ltr'>deinceps,</span> <span class='ocrx_word' id='word_1_679' title='bbox 1122 3042 1184 3059; x_wconf 90' lang='lat' dir='ltr'>cum</span> 
     </span>
     <span class='ocr_line' id='line_1_110' title="bbox 73 3067 1185 3104; baseline -0.001 -9"><span class='ocrx_word' id='word_1_680' title='bbox 73 3067 193 3096; x_wconf 88' lang='lat' dir='ltr'>nondum</span> <span class='ocrx_word' id='word_1_681' title='bbox 216 3068 346 3096; x_wconf 89' lang='lat' dir='ltr'>habeatur</span> <span class='ocrx_word' id='word_1_682' title='bbox 368 3068 495 3096; x_wconf 88' lang='lat' dir='ltr'>moderna</span> <span class='ocrx_word' id='word_1_683' title='bbox 518 3069 643 3097; x_wconf 82' lang='lat' dir='ltr'>foliorum</span> <span class='ocrx_word' id='word_1_684' title='bbox 668 3071 825 3100; x_wconf 83' lang='lat' dir='ltr'>numeratio,</span> <span class='ocrx_word' id='word_1_685' title='bbox 850 3071 984 3104; x_wconf 89' lang='lat' dir='ltr'>antiquior</span> <span class='ocrx_word' id='word_1_686' title='bbox 1006 3070 1185 3102; x_wconf 85' lang='lat' dir='ltr'>manuscripta</span> 
     </span>
     <span class='ocr_line' id='line_1_111' title="bbox 73 3104 821 3132; baseline 0.001 -2"><span class='ocrx_word' id='word_1_687' title='bbox 73 3106 221 3132; x_wconf 84' lang='lat' dir='ltr'>numeratio</span> <span class='ocrx_word' id='word_1_688' title='bbox 237 3107 267 3132; x_wconf 89' lang='lat' dir='ltr'>in</span> <span class='ocrx_word' id='word_1_689' title='bbox 284 3104 336 3132; x_wconf 90' lang='lat' dir='ltr'>hoc</span> <span class='ocrx_word' id='word_1_690' title='bbox 356 3105 558 3132; x_wconf 79' lang='lat' dir='ltr'>«Hierarchiaen</span> <span class='ocrx_word' id='word_1_691' title='bbox 582 3112 654 3132; x_wconf 91' lang='lat' dir='ltr'>tomo</span> <span class='ocrx_word' id='word_1_692' title='bbox 671 3104 821 3132; x_wconf 90' lang='lat' dir='ltr'>adhibetur.</span> 
     </span>
    </p>
   </div>
   <div class='ocr_carea' id='block_1_19' title="bbox 1245 2851 2357 2936">
    <p class='ocr_par' dir='ltr' id='par_1_58' title="bbox 1245 2851 2357 2936">
     <span class='ocr_line' id='line_1_112' title="bbox 1245 2851 2357 2894; baseline -0.004 -7"><span class='ocrx_word' id='word_1_693' title='bbox 1245 2856 1335 2887; x_wconf 84' lang='lat' dir='ltr'>Arch.</span> <span class='ocrx_word' id='word_1_694' title='bbox 1364 2856 1452 2888; x_wconf 88' lang='lat' dir='ltr'>Caer.</span> <span class='ocrx_word' id='word_1_695' title='bbox 1481 2869 1517 2883; x_wconf 74' lang='lat' dir='ltr'><strong><em>z</em></strong></span> <span class='ocrx_word' id='word_1_696' title='bbox 1544 2854 1715 2886; x_wconf 86' lang='lat' dir='ltr'>Archivum</span> <span class='ocrx_word' id='word_1_697' title='bbox 1741 2853 1953 2886; x_wconf 78' lang='lat' dir='ltr'>praefecturae</span> <span class='ocrx_word' id='word_1_698' title='bbox 1978 2853 2251 2885; x_wconf 87' lang='lat' dir='ltr'>Caeremoniarum</span> <span class='ocrx_word' id='word_1_699' title='bbox 2277 2851 2357 2894; x_wconf 86' lang='lat' dir='ltr'>Apo-</span> 
     </span>
     <span class='ocr_line' id='line_1_113' title="bbox 1328 2899 1537 2936; baseline -0.005 -5"><span class='ocrx_word' id='word_1_700' title='bbox 1328 2900 1502 2931; x_wconf 91' lang='lat' dir='ltr'>stolicarum</span> <span class='ocrx_word' id='word_1_701' title='bbox 1512 2899 1537 2936; x_wconf 80' lang='lat'>2)</span> 
     </span>
    </p>
   </div>
   <div class='ocr_carea' id='block_1_20' title="bbox 1245 3028 2356 3137">
    <p class='ocr_par' dir='ltr' id='par_1_59' title="bbox 1245 3028 2356 3137">
     <span class='ocr_line' id='line_1_114' title="bbox 1320 3028 2356 3065; baseline -0.006 -8"><span class='ocrx_word' id='word_1_702' title='bbox 1320 3031 1338 3061; x_wconf 75' lang='grc'>2)</span> <span class='ocrx_word' id='word_1_703' title='bbox 1360 3029 1530 3065; x_wconf 83' lang='lat' dir='ltr'>opusculum</span> <span class='ocrx_word' id='word_1_704' title='bbox 1550 3031 1632 3056; x_wconf 88' lang='lat' dir='ltr'>secuti</span> <span class='ocrx_word' id='word_1_705' title='bbox 1652 3029 1705 3055; x_wconf 75' lang='lat' dir='ltr'>Gn.</span> <span class='ocrx_word' id='word_1_706' title='bbox 1725 3029 1879 3059; x_wconf 64' lang='lat' dir='ltr'>memm,</span> <span class='ocrx_word' id='word_1_707' title='bbox 1900 3028 2005 3058; x_wconf 86' lang='lat' dir='ltr'>0.S.B.,</span> <span class='ocrx_word' id='word_1_708' title='bbox 2026 3028 2114 3053; x_wconf 80' lang='lat' dir='ltr'>Brevis</span> <span class='ocrx_word' id='word_1_709' title='bbox 2133 3028 2227 3053; x_wconf 81' lang='lat' dir='ltr'>notitia</span> <span class='ocrx_word' id='word_1_710' title='bbox 2246 3032 2272 3052; x_wconf 84' lang='lat' dir='ltr'>et</span> <span class='ocrx_word' id='word_1_711' title='bbox 2291 3032 2356 3052; x_wconf 85' lang='lat' dir='ltr'>cata-</span> 
     </span>
     <span class='ocr_line' id='line_1_115' title="bbox 1246 3061 2356 3101; baseline -0.005 -8"><span class='ocrx_word' id='word_1_712' title='bbox 1246 3066 1321 3101; x_wconf 82' lang='lat' dir='ltr'>logus</span> <span class='ocrx_word' id='word_1_713' title='bbox 1342 3065 1451 3092; x_wconf 78' lang='lat' dir='ltr'>Archivi</span> <span class='ocrx_word' id='word_1_714' title='bbox 1474 3065 1567 3092; x_wconf 81' lang='lat' dir='ltr'>Sacrae</span> <span class='ocrx_word' id='word_1_715' title='bbox 1590 3065 1809 3099; x_wconf 81' lang='lat' dir='ltr'>Congregationis</span> <span class='ocrx_word' id='word_1_716' title='bbox 1831 3062 2038 3090; x_wconf 77' lang='lat' dir='ltr'>Caeremom&#39;ulz‘s</span> <span class='ocrx_word' id='word_1_717' title='bbox 2061 3063 2171 3094; x_wconf 86' lang='lat' dir='ltr'>(Romae</span> <span class='ocrx_word' id='word_1_718' title='bbox 2197 3061 2285 3092; x_wconf 84' lang='lat'>1893),</span> <span class='ocrx_word' id='word_1_719' title='bbox 2309 3070 2356 3087; x_wconf 89' lang='lat' dir='ltr'>nos</span> 
     </span>
     <span class='ocr_line' id='line_1_116' title="bbox 1245 3095 2356 3137; baseline -0.005 -9"><span class='ocrx_word' id='word_1_720' title='bbox 1245 3111 1354 3137; x_wconf 87' lang='lat' dir='ltr'>quoque</span> <span class='ocrx_word' id='word_1_721' title='bbox 1372 3103 1401 3127; x_wconf 91' lang='lat' dir='ltr'>in</span> <span class='ocrx_word' id='word_1_722' title='bbox 1419 3099 1587 3136; x_wconf 80' lang='lat' dir='ltr'>praecedenti</span> <span class='ocrx_word' id='word_1_723' title='bbox 1606 3099 1743 3126; x_wconf 90' lang='lat' dir='ltr'>volumine</span> <span class='ocrx_word' id='word_1_724' title='bbox 1761 3101 1857 3134; x_wconf 88' lang='lat' dir='ltr'>quinto</span> <span class='ocrx_word' id='word_1_725' title='bbox 1878 3097 2065 3125; x_wconf 85' lang='lat' dir='ltr'>«Hierarchiae</span> <span class='ocrx_word' id='word_1_726' title='bbox 2084 3096 2252 3124; x_wconf 77' lang='lat' dir='ltr'>Catholicae»</span> <span class='ocrx_word' id='word_1_727' title='bbox 2275 3095 2356 3123; x_wconf 90' lang='lat' dir='ltr'>archi-</span> 
     </span>
    </p>
   </div>
  </div>
 </body>
</html>
