2548 3464
1023 627 1408 717 Appendix

285 956 316 998 1.
345 954 708 998 vice-cancellarii
737 952 806 996 <de
833 953 944 996 facto
973 952 1229 995 cancellarii>
1260 953 1300 995 S.
1329 953 1378 995 R.
1408 953 1449 994 E.
1479 955 1604 994 annis
1633 955 1861 994 1740-1807
1889 953 1935 994 hi
1961 953 2136 995 fuerunt

69 1065 109 1096 29
129 1062 209 1107 Aug.
230 1063 309 1095 1740
322 1082 332 1086 -
350 1063 386 1094 16
402 1061 487 1095 Febr.
509 1062 585 1094 1753
601 1061 740 1094 Th0mas
755 1060 858 1094 Rufus
875 1060 926 1099 (cf.
945 1060 1127 1093 Hierarchia
1142 1061 1181 1099 V,

192 1107 298 1140 S.R.E.
317 1106 397 1139 card.
415 1107 470 1145 VI,
489 1106 557 1144 8).1)

73 1154 109 1185 12
130 1152 254 1235 Mara-LI
261 1152 399 1234 71532320
414 1151 497 1195 Sept.
518 1151 595 1183 1756
611 1151 823 1194 Hieronymus
837 1149 995 1183 Columna
1010 1149 1050 1182 de
1066 1149 1181 1182 Sciarra

1242 1062 1281 1092 20
1304 1061 1386 1104 Sept.
1415 1061 1491 1092 1756
1512 1079 1523 1083 -
1545 1061 1583 1092 30
1606 1060 1688 1104 Sept.
1716 1060 1792 1092 1758
1814 1059 1975 1092 Albericus
1996 1059 2164 1093 Archintus
2187 1060 2239 1098 (II,
2263 1059 2350 1098 57).³)

1242 1106 1282 1136 22
1305 1105 1387 1137 Nov.
1412 1105 1488 1136 1758
1507 1123 1517 1127 -
1535 1106 1575 1136 24
1595 1105 1658 1136 Ian.
1684 1105 1759 1136 1763
1779 1104 1909 1137 Carolus
1929 1105 2117 1136 Rezzonicus
2137 1104 2205 1142 (III,
2228 1104 2293 1142 1).4)

1242 1151 1281 1180 24
1305 1149 1367 1181 Ian.
1388 1149 1463 1181 1763
1477 1168 1487 1171 -
1505 1150 1539 1181 13
1554 1148 1611 1181 Iul.
1631 1149 1707 1181 1807
1722 1149 1878 1181 Henricus
1892 1148 2076 1181 Benedictus
2091 1148 2191 1180 Maria
2206 1148 2352 1181 Clemens

1365 1193 1430 1226 dux
1449 1193 1614 1226 Eboracen.
1637 1193 1688 1231 (II,
1710 1193 1798 1231 37).⁶)

456 1345 506 1387 ΙΙ.
537 1345 601 1387 De
630 1344 808 1387 Camera
836 1346 924 1387 sive
952 1343 1198 1398 Apostolica
1225 1346 1312 1386 sive
1342 1343 1458 1385 Sacri
1486 1343 1659 1397 Collegii
1686 1343 1976 1385 Cardinalium

532 1426 575 1465 A.
603 1427 796 1465 Camerarii
822 1425 946 1465 S.R.E.
973 1430 1076 1464 annis
1106 1427 1312 1463 1747-1799
1336 1424 1373 1464 hi
1397 1424 1520 1464 S.R.E.
1547 1423 1753 1464 Cardinales
1777 1423 1924 1463 fuerunt

71 1533 109 1566 25
131 1532 220 1616 Feb&
243 1533 350 1616 13704)7θ)-
370 1533 409 1564 28
430 1532 510 1577 Aug.
537 1533 614 1565 1756
636 1531 750 1565 Silvius
771 1532 811 1565 de
830 1531 1016 1564 Valentibus
1036 1531 1183 1575 Gonzaga

1243 1532 1283 1563 20
1306 1531 1388 1575 Sept.
1413 1531 1489 1563 1756
1509 1576 1521 1594 7
1538 1531 1573 1562 18
1592 1530 1656 1563 Ian.
1681 1530 1756 1562 1763
1776 1530 1986 1573 Hieronymus
2004 1528 2161 1562 Columna
2179 1528 2218 1561 de
2237 1528 2352 1561 Sciarra

1245 1621 1285 1651 24
1308 1575 1504 1651 Ian.(111'76l35)-·
1518 1575 1557 1650 {6
1576 1619 1640 1651 Ian.
1665 1619 1741 1650 1799
1760 1617 1890 1651 Carolus
1909 1618 2099 1649 Rezzonicus
2117 1616 2185 1655 (ΙΙΙ,
2208 1616 2273 1655 1).⁸)

448 1776 486 1813 B.
514 1775 708 1813 Camerarii
734 1774 830 1812 Sacri
856 1771 1008 1825 Collegii
1034 1777 1136 1811 annis
1167 1774 1371 1810 1731-1799
1394 1770 1432 1810 hi
1456 1770 1579 1810 S.R.E.
1605 1769 1812 1809 Cardinales
1835 1768 1982 1808 fuerunt

93 1881 111 1913 8
133 1880 197 1914 Ian.
230 1881 304 1913 1731
334 1879 466 1913 Alvarus
493 1879 686 1924 Cienfuegos
715 1879 767 1918 (cf.
797 1878 980 1912 Hierarchia
1007 1878 1046 1917 V,
1077 1877 1183 1911 S.R.E.

194 1925 273 1958 card.
294 1925 349 1964 VI,
370 1925 460 1963 70).⁹)

145 2083 165 2116 ¹)
186 2084 218 2111 In
237 2085 343 2111 consist.
363 2090 462 2111 secreto
481 2085 516 2110 29
537 2082 609 2119 Aug.
633 2083 703 2110 1740
723 2081 815 2110 habito
835 2082 892 2110 S.S.
913 2081 999 2109 officia
1019 2080 1186 2109 vice-cancel-

72 2118 178 2148 lariatus
202 2119 297 2147 S.R.E.
322 2126 349 2147 et
373 2119 519 2147 litterarum
545 2125 628 2154 apost.
654 2120 844 2150 summistatus,
869 2128 926 2145 vac.
952 2117 995 2145 ob.
1020 2118 1091 2145 Petri
1115 2116 1186 2144 card.

74 2154 230 2187 otthoboni,
247 2154 361 2183 contulit
377 2154 500 2183 Thomae
516 2153 587 2182 card.
605 2154 679 2182 Rufo
696 2154 723 2182 S.
742 2153 812 2182 Coll.
829 2153 939 2185 decano,
957 2152 1099 2188 eidemque
1116 2151 1186 2180 card.

74 2190 137 2219 eccl.
156 2191 183 2219 S.
202 2191 339 2219 Laurentii
356 2193 386 2218 in
405 2191 529 2223 Damaso,
548 2200 618 2226 quae
636 2189 723 2218 eidem
742 2189 829 2217 officio
847 2188 1113 2217 vicecancellariatus
1132 2198 1187 2223 per-

74 2233 154 2262 petuo
180 2229 256 2254 unita
283 2233 309 2254 et
336 2236 440 2254 annexa
466 2233 513 2258 est,
541 2228 570 2253 in
596 2224 747 2253 commend.
775 2227 911 2257 concessit,
939 2235 962 2252 c.
990 2231 1036 2251 ret.
1064 2223 1185 2251 eccl-“⁸¹¹''

75 2262 177 2290 ostien.
195 2269 222 2290 et
239 2261 404 2290 veliternen.
424 2262 486 2295 (AC
505 2263 536 2290 31
558 2261 578 2289 f.
597 2261 745 2294 253’-254).
765 2262 841 2289 Haec
859 2260 944 2289 officia
963 2259 1033 2288 card.
1052 2259 1126 2287 Rufo
1144 2259 1187 2287 ob-

75 2299 156 2325 tinuit
173 2308 259 2334 usque
278 2297 311 2326 ad
330 2308 409 2326 suum
429 2298 541 2325 obitum.

146 2335 166 2366 ¹)
186 2335 219 2362 In
236 2337 342 2362 consist.
360 2342 459 2362 secreto
476 2336 509 2362 21
530 2335 612 2362 Mart.
633 2335 702 2362 1753
721 2334 813 2362 habito
831 2334 904 2362 S-''ffl'
924 2333 1000 2361 DN.
1018 2332 1104 2360 officia
1121 2334 1188 2359 vice-

74 2370 271 2398 cancellariatus
290 2370 384 2398 S.R.E.
404 2378 430 2399 et
448 2370 594 2398 litterarum
614 2377 696 2406 apost.
717 2372 907 2402 summistatus‚
927 2379 983 2396 vac.
1003 2369 1046 2396 ob.
1066 2368 1188 2395 Thomae

74 2405 143 2433 card.
160 2406 231 2438 Rufi,
249 2406 363 2434 contulit
379 2407 547 2442 Hieronymo
563 2405 633 2434 card.
652 2405 811 2438 Columnae,
830 2404 973 2441 eidemque
989 2404 1059 2432 card.
1078 2403 1141 2431 eccl.
1160 2404 1187 2431 S.

74 2441 209 2469 Laurentii
222 2444 252 2469 in
265 2442 390 2474 Damaso,
404 2453 474 2478 quae
487 2441 574 2470 eidem
588 2442 675 2470 officio
688 2441 955 2469 vice—cancellariatus
988 2447 1098 2476 erpetuo
1112 2442 1188 2467 unita

76 2483 121 2520 est,
138 2479 168 2505 in
185 2477 333 2505 diaconiam
351 2480 487 2510 concessit,
506 2488 529 2506 c.
547 2485 594 2505 ret.
613 2481 642 2506 in
659 2476 811 2505 commend.
830 2476 893 2505 eccl.
912 2477 940 2504 S.
985 2475 1056 2511 ngeli
1074 2478 1104 2503 in
1123 2475 1188 2502 Foro

77 2512 190 2540 Piscium
209 2513 270 2545 (AC
288 2515 323 2540 34
339 2513 359 2541 f.
380 2514 524 2545 125¹-126);
543 2516 578 2541 20
597 2514 670 2549 Sept.
691 2514 760 2540 1756
778 2512 848 2540 card.
867 2511 1002 2540 Columna
1020 2511 1105 2539 officia
1122 2513 1188 2538 vice

75 2548 272 2576 cancellariatus
288 2556 314 2576 et
330 2548 476 2577 litteranun
493 2556 575 2585 apost.
592 2551 774 2577 summistatus
790 2548 855 2575 dim.
874 2548 935 2580 (AC
953 2548 985 2575 35
1004 2547 1025 2574 f.
1043 2547 1098 2578 35).

147 2586 167 2618 ¹)
188 2586 220 2613 In
236 2588 341 2613 consist.
359 2593 457 2613 secreto
474 2587 510 2612 20
528 2586 601 2620 Sept.
622 2585 691 2612 1756
709 2584 801 2611 habito
818 2584 876 2611 S.S.
893 2583 979 2611 officia
995 2581 1188 2609 vice-cancella-

76 2623 156 2649 riatus
180 2621 273 2649 S.R.E.
298 2629 325 2649 et
348 2621 494 2649 litterarum
519 2627 601 2656 apost.
627 2622 816 2651 summistatus,
841 2629 898 2646 vac.
923 2618 1004 2646 libera
1029 2617 1094 2645 dim.
1119 2616 1188 2644 card.

77 2656 225 2685 Columnae
239 2657 289 2684 hac
303 2660 359 2693 ipsa
372 2656 415 2684 die
429 2659 458 2684 in
472 2656 597 2684 manibus
611 2656 676 2684 S.²¹·
693 2656 720 2683 S.
735 2662 829 2691 sponte
844 2654 922 2687 facta,
937 2653 1052 2681 contulit
1066 2652 1189 2680 Alberico

76 2691 145 2720 card.
161 2692 299 2725 Archinto,
316 2700 398 2720 status
415 2695 456 2720 sui
473 2692 640 2720 ecclesiastici
657 2702 730 2724 secr„
748 2690 890 2726 eidemque
906 2689 976 2718 card.
994 2689 1058 2717 eccl.
1077 2690 1104 2716 S.
1122 2690 1189 2716 Lau-

76 2730 153 2755 rentii
173 2731 202 2756 in
223 2729 347 2760 Damaso,
369 2738 438 2764 quae
459 2727 546 2756 eidem
568 2728 654 2755 officio
675 2726 942 2755 vice-cancellariatus
1046 2732 1092 2752 tuo
1114 2726 1189 2751 unita

77 2770 123 2795 est,
140 2766 170 2791 in
186 2764 294 2791 titulum
312 2766 440 2791 concessit
458 2764 520 2795 (AC
539 2765 571 2791 35
591 2763 611 2791 f.
631 2763 740 2795 35-35‘).
759 2763 835 2790 Haec
853 2761 938 2790 officia
955 2771 998 2788 car
1020 2782 1025 2788 .
1043 2760 1189 2788 Archintus

78 2799 608 2869 usqugaglsgglnzlisgblstellclsstgbgguffibv·
631 2836 700 2863 1758
720 2834 813 2862 habito
831 2835 904 2862 S.”²·¹·
925 2833 1001 2861 D-N.
1020 2832 1105 2860 officia
1124 2834 1190 2859 vice-

77 2872 274 2900 cancellariatus
291 2871 386 2900 S.R.E.
403 2879 429 2900 et
446 2871 592 2899 litterarum
611 2878 693 2906 apost.
711 2873 901 2901 summistatus,
919 2879 975 2896 vac.
994 2869 1036 2896 ob.
1055 2867 1124 2895 card.
1143 2868 1190 2895 Ar-

77 2907 169 2940 chinti,
185 2907 298 2935 contulit
313 2907 409 2936 Carolo
424 2906 494 2935 card.
511 2908 667 2939 Rezzonieo,
684 2905 826 2941 eidemque
841 2904 911 2933 card.
928 2904 991 2932 eccl.
1009 2905 1036 2932 S.
1054 2905 1189 2931 Laurentii

77 2945 107 2970 in
119 2944 242 2976 Damaso,
255 2954 324 2979 quae
337 2942 423 2971 eidem
436 2943 522 2970 officio
535 2941 801 2970 vice-cancellariatus
815 2951 848 2977 pe
897 2948 944 2968 tuo
957 2942 1033 2967 unita
1046 2946 1073 2967 et
1086 2949 1190 2966 annexa

78 2985 124 3011 est,
143 2981 172 3006 in
191 2978 299 3006 titulum
319 2981 461 3014 assignavit
481 2979 542 3011 (AC
563 2979 596 3005 35
618 2978 638 3005 f.
662 2978 786 3009 168-169;
807 2978 835 3004 S.
878 2987 898 3004 r.
920 2977 991 3003 3658
1012 2976 1041 3003 ff.
1065 2976 1189 3006 104-114,

82 3014 215 3046 126-135).
231 3016 267 3041 24
283 3015 340 3042 Ian.
359 3015 427 3042 1763
445 3013 514 3041 card.
531 3014 695 3041 Rezzonicus
711 3012 796 3040 officia
812 3011 1079 3040 vice-cancellariatus
1095 3009 1189 3037 S.R.E.

80 3056 113 3111 ἓξ
120 3048 264 3117 Ιὲῐῐὲιξῶιπι
281 3057 363 3086 apost.
381 3052 562 3077 summistatus
579 3057 605 3077 et
622 3057 651 3076 tt.
669 3050 696 3077 S.
713 3049 850 3076 Laurentii
867 3050 896 3075 in
913 3048 1029 3075 Damaso
1046 3046 1110 3073 dim.
1130 3046 1191 3078 (AC

151 3121 171 3154 ⁶)
190 3122 224 3150 In
241 3124 347 3150 consist.
366 3129 464 3150 secreto
483 3123 518 3149 24
536 3122 595 3149 Ian.
618 3122 686 3149 1763
706 3120 798 3148 habito
817 3120 874 3149 S.S.
894 3119 979 3147 officia
998 3117 1191 3147 vice-cancella-

1267 1878 1283 1909 3
1307 1877 1400 1909 Mart.
1433 1877 1511 1908 1732
1538 1876 1669 1908 Ioannes
1696 1875 1781 1919 Bapt.
1809 1874 1849 1906 de
1875 1873 1998 1906 Alteriis
2026 1873 2077 1911 (cf.
2108 1872 2287 1905 Hierarchia
2314 1872 2353 1910 V,

1371 1920 1477 1954 SRE.
1500 1920 1579 1953 card.
1601 1920 1687 1958 VIII,
1713 1919 1740 1958 l)
1763 1919 1834 1957 (AC
1856 1919 1895 1951 30
1915 1918 1937 1950 f.
1964 1918 2049 1956 196‘).

1245 2083 1326 2108 riatus
1342 2080 1436 2108 S.R.E.
1451 2087 1478 2108 et
1492 2079 1638 2107 litterarum
1653 2089 1668 2106 a
1688 2085 1735 2106 ost.
1752 2080 1941 2109 summistatus,
1957 2087 2013 2104 vac.
2029 2076 2110 2103 libera
2126 2075 2190 2103 dim.
2206 2074 2276 2102 card.
2292 2075 2356 2102 Rez-

1245 2119 1331 2144 zonici
1349 2116 1398 2144 hac
1415 2119 1472 2152 ipsa
1489 2115 1532 2143 die
1550 2118 1579 2142 in
1596 2089 1720 2142 manibus
1738 2114 1802 2142 S.‘¹·
1822 2114 1849 2141 S.
1867 2113 1945 2145 facta,
1963 2112 2077 2140 contulit
2094 2111 2163 2139 card.
2181 2110 2244 2138 duci
2262 2110 2356 2137 Ebora-

1245 2163 1312 2184 cen„
1328 2151 1469 2187 eidemque
1483 2150 1552 2178 card.
1567 2150 1630 2178 eccl.
1646 2151 1673 2178 S.
1689 2151 1824 2177 Laurentii
1840 2152 1868 2176 in
1883 2150 1999 2176 Damaso
2013 2151 2042 2175 in
2056 2146 2205 2175 commend.
2220 2148 2354 2178 concessit,

1245 2200 1268 2217 c.
1285 2197 1331 2217 ret.
1348 2189 1410 2217 eccl.
1427 2188 1574 2216 Tusculan.
1593 2188 1655 2221 (AC
1671 2189 1703 2215 35
1721 2187 1741 2215 f.
1759 2187 1896 2219 390-391).
1913 2187 1988 2214 Haec
2004 2186 2089 2213 officia
2104 2184 2174 2213 card.
2191 2184 2246 2212 dux
2261 2183 2356 2211 Ebora-

1245 2237 1303 2254 cen.
1319 2237 1404 2262 usque
1418 2226 1452 2254 ad
1466 2237 1545 2254 suum
1560 2226 1663 2254 obitum
1678 2226 1802 2253 obtinuit.

1320 2266 1338 2297 ο)
1360 2266 1432 2292 8.“““·
1451 2264 1526 2291 D.N.
1542 2273 1589 2299 per
1604 2261 1809 2297 chirographum
1826 2271 1909 2287 manu
1926 2270 1973 2287 sua
1989 2262 2122 2294 signatum
2139 2259 2172 2285 25
2192 2257 2266 2285 Febr.
2286 2257 2355 2284 1747

1246 2303 1362 2331 officium
1378 2303 1562 2329 camerariatus
1578 2299 1681 2331 S.R.E.‚
1697 2309 1752 2326 vac.
1768 2298 1849 2325 libera
1865 2297 1929 2324 dim.
1946 2297 1978 2324 ab
1995 2295 2149 2323 Hannibale
2165 2293 2234 2322 card.
2250 2293 2355 2321 Albano

1246 2343 1276 2368 in
1295 2339 1420 2366 manibus
1441 2338 1505 2366 83¹·
1527 2338 1554 2365 S.
1576 2337 1646 2364 facta
1669 2337 1716 2369 [22
1737 2335 1811 2363 Febr.
1837 2336 1904 2362 1747
1928 2335 2020 2367 (Cons.
2045 2333 2205 2361 174671747
2226 2331 2246 2358 f.
2268 2330 2355 2363 221)],

1245 2379 1373 2404 concessit
1400 2375 1469 2403 card.
1497 2375 1530 2403 de
1558 2374 1716 2402 Valentibus
1745 2374 1879 2407 Gonzaga,
1909 2375 1983 2399 secr.⁰
2012 2378 2101 2402 status,
2130 2370 2163 2397 ad
2191 2371 2248 2396 eius
2274 2371 2355 2395 vitam

1248 2415 1340 2447 (Cons.
1364 2414 1524 2441 174671747
1544 2412 1564 2439 f.
1585 2411 1723 2442 225-227).
1743 2411 1775 2437 In
1795 2412 1900 2437 consist.
1920 2416 2017 2436 secreto
2040 2410 2071 2434 10
2090 2407 2154 2442 Apr.
2178 2407 2246 2433 1747
2266 2405 2356 2432 habito

1246 2453 1318 2479 S.¹¹··¹·
1338 2451 1412 2478 DN.
1430 2449 1596 2477 confirmavit
1613 2448 1705 2476 card.¹¹
1726 2447 1760 2475 de
1777 2447 1935 2475 Valentibus
1954 2446 2079 2480 Gonzaga
2097 2446 2291 2472 concessionem
2309 2452 2356 2477 per

1246 2488 1451 2524 chirographum
1469 2487 1566 2514 factam
1584 2486 1662 2514 officii
1679 2488 1863 2513 camerariatus
1881 2483 1983 2515 S.R.E.,
2001 2485 2048 2518 qui
2065 2481 2135 2509 card.
2152 2481 2237 2508 dictae
2254 2490 2356 2507 conces-

1247 2528 1327 2553 sionis
1343 2528 1430 2560 vigore
1446 2523 1565 2552 eiusdem
1582 2523 1660 2551 officii
1677 2525 1865 2558 possessionem
1883 2528 2016 2548 assecutus
2032 2520 2126 2551 fuerat,
2144 2529 2174 2546 ac
2190 2529 2237 2553 pro
2252 2519 2356 2544 maion's

1247 2570 1321 2589 actus
1340 2562 1462 2589 firmitate
1480 2568 1507 2589 et
1525 2560 1558 2588 ad
1576 2563 1701 2587 maiorem
1722 2559 1851 2587 cautelam
1872 2558 1988 2585 officium
2007 2555 2161 2584 huiusmodi
2181 2554 2266 2583 eidem
2286 2553 2355 2582 card.

1248 2599 1280 2627 de
1297 2610 1366 2627 novo
1382 2601 1510 2626 concessit
1527 2598 1588 2630 (AC
1605 2599 1638 2624 33
1656 2597 1676 2624 f.
1697 2597 1839 2627 104-104⁴).

1321 2636 1339 2668 ⁷)
1361 2637 1393 2663 In
1407 2638 1512 2663 consist.
1527 2641 1625 2661 secreto
1639 2635 1674 2660 20
1690 2634 1762 2667 Sept.
1781 2632 1849 2659 1756
1865 2631 1955 2658 habito
1970 2630 2026 2657 S.S.
2042 2629 2158 2656 officium
2173 2629 2357 2655 camerariatus

1248 2674 1351 2706 S.R.E.,
1370 2683 1425 2700 vae.
1444 2672 1486 2700 ob.
1505 2671 1574 2699 card.
1593 2671 1626 2698 de
1645 2669 1803 2697 Valentibus
1822 2669 1956 2703 Gonzaga,
1976 2668 2141 2702 Hieronymo
2159 2664 2229 2693 card.
2249 2664 2357 2692 Colum-

1248 2722 1298 2739 nae
1320 2710 1374 2738 Pal.
1395 2710 1488 2745 Apost.
1509 2707 1658 2744 pro-praef„
1680 2714 1706 2734 et
1727 2717 1813 2742 nuper
1833 2705 1951 2733 eiusdem
1974 2704 2067 2732 S.R.E.
2089 2701 2310 2730 vice-cancellario
2331 2708 2357 2728 et

1248 2748 1392 2775 litterarum
1409 2753 1491 2782 apost.
1507 2747 1669 2776 summatori,
1685 2743 1718 2771 ad
1734 2746 1790 2771 eius
1805 2745 1885 2770 vitam
1901 2744 2035 2773 concessit,
2052 2751 2074 2768 c.
2090 2748 2136 2767 ret.
2152 2742 2273 2767 omnium
2288 2748 2357 2772 quae

1249 2785 1351 2812 obtinet
1371 2783 1432 2816 (AC
1452 2784 1484 2810 35
1507 2782 1526 2809 f.
1547 2781 1657 2812 35‘-36).
1875 2811 1878 2814 Α

1322 2821 1341 2853 ⁸)
1363 2821 1395 2848 In
1410 2822 1515 2847 consist.
1531 2826 1629 2846 secreto
1644 2820 1679 2845 24
1695 2818 1752 2845 Ian.
1771 2818 1839 2844 1763
1856 2816 1947 2843 habito
1963 2816 2034 2843 S.¹¹¹*¹³
2052 2815 2127 2842 D.N.
2143 2814 2259 2841 officium
2275 2822 2357 2840 came-

1248 2861 1357 2886 rariatus
1374 2857 1478 2889 S.R.E.,
1495 2867 1551 2884 vac.
1569 2856 1602 2883 ob
1620 2856 1779 2890 Hieronymi
1796 2853 1866 2881 card.
1885 2853 2043 2885 Columnae,
2063 2851 2158 2880 Carolo
2175 2850 2244 2878 card.
2263 2851 2357 2877 Rezzo-

1248 2899 1317 2928 nico,
1332 2906 1418 2930 nuper
1432 2894 1526 2922 S.R.E.
1540 2892 1762 2921 vice-cancellario
1776 2902 1806 2919 ac
1820 2891 1965 2918 litterarum
1980 2897 2061 2925 apost.
2077 2891 2238 2920 summatori,
2254 2887 2286 2915 ad
2301 2890 2357 2914 eius

1249 2935 1329 2959 vitam
1353 2934 1488 2963 concessit,
1512 2941 1534 2958 c.
1557 2937 1604 2957 ret.
1627 2932 1749 2957 omnium
1772 2939 1842 2964 quae
1865 2928 1966 2956 obtinet
1990 2927 2052 2959 (AC
2076 2927 2108 2954 35
2133 2926 2153 2953 f.
2178 2927 2239 2957 391;
2264 2925 2290 2952 S.
2315 2925 2356 2951 Bt.

1323 3006 1341 3037 ⁹)
1362 3006 1395 3032 In
1410 3007 1514 3032 consist.
1531 3010 1629 3031 secreto
1645 3004 1660 3030 8
1676 3003 1733 3030 Ian.
1753 3003 1818 3029 1731
1838 3001 1928 3028 habito
1945 3001 2001 3028 S.S.
2018 2999 2123 3028 admisit
2138 2998 2171 3026 ad
2187 3009 2214 3026 se
2229 2998 2356 3027 Alvarum

1249 3042 1318 3070 card.
1337 3041 1509 3076 Cienfuegos,
1527 3043 1574 3076 qui
1592 3050 1687 3067 camer.
1705 3040 1732 3067 S.
1751 3038 1820 3066 Coll.
1838 3048 1938 3065 munus
1955 3040 2032 3073 gessit
2050 3048 2073 3064 a.
2092 3038 2223 3071 superiore
2242 3044 2357 3069 eumque

1249 3080 1283 3107 ob
1299 3082 1405 3106 interim
1423 3086 1539 3106 secutam
1557 3079 1722 3104 vacationem
1741 3077 1767 3103 S.
1787 3075 1869 3107 Sedis,
1889 3085 2018 3110 suamque
2036 3074 2199 3105 electionem,
2218 3075 2247 3100 in
2265 3071 2357 3100 eodem

1249 3126 1361 3144 munere
1377 3117 1533 3143 continuare
1548 3116 1624 3141 iussit
1641 3114 1702 3146 (AC
1719 3114 1753 3140 30
1771 3112 1791 3139 f.
1807 3112 1863 3144 67).
