2548 3464
1113 207 1165 243 II.
1190 204 1435 243 Benedictus
1458 206 1557 242 XIV

334 313 450 353 Antea
477 314 622 365 Prosper
647 311 690 352 de
717 310 960 357 Lambertinis,
988 322 1024 350 tt.
1053 312 1088 350 S.
1116 312 1243 350 Crucis
1269 315 1306 349 in
1336 309 1561 349 Hierusalem
1584 309 1659 363 pbr.
1686 308 1821 356 card.,²)
1845 309 1977 349 electus
2006 311 2048 348 17
2073 309 2166 362 Aug.
2197 309 2331 356 1740,²)

883 402 1068 431 coronatus
1090 394 1133 430 21
1160 390 1252 444 Aug.
1283 390 1416 437 1740,³)
1441 390 1463 438 †
1488 392 1508 429 3
1533 391 1625 429 Maii
1654 389 1788 435 1758.⁴)

268 571 287 604 1)
308 573 324 599 9
342 572 407 599 Dec.
427 571 496 598 1726
513 577 615 598 creatus
631 577 670 598 est
685 570 743 606 pbr.
759 569 829 597 card.
847 580 877 597 ac
893 571 922 596 in
938 576 1043 605 pectore
1059 575 1212 600 reservatus,
1229 574 1256 595 et
1273 568 1308 594 30

194 610 259 645 Apr.
282 610 349 636 1728
368 608 515 636 declaratus
534 608 579 641 (cf.
599 607 755 635 Hierarchia
773 608 807 639 V,
827 607 921 634 S.R.E.
940 606 1010 634 card.
1029 606 1103 638 VIII,
1126 606 1178 637 18).

268 647 287 679 ²)
308 646 523 674 Novendialibus
544 648 664 682 exequiis
685 656 733 681 pro
754 648 844 672 anima
866 655 886 672 s.
908 655 989 672 mem.
1013 644 1161 672 Clementis
1184 644 1235 670 ΡΡ.
1259 644 1307 670 XII

195 687 306 721 peractis
324 686 355 712 18
373 684 447 712 Febr.
466 685 536 711 1740
551 686 580 711 in
595 683 676 711 choro
690 683 745 711 bas.
762 684 907 711 Vaticanae
922 682 1052 710 celebrata
1068 689 1107 709 est
1123 684 1201 709 missa
1217 681 1309 708 solem-

196 725 237 749 nis
257 721 291 750 de
313 722 414 758 Spiritu
436 722 534 749 Sancto
555 732 570 749 a
592 722 669 749 Petro
690 720 760 748 card.
783 720 948 752 Otthobono,
972 721 999 747 S.
1022 719 1092 747 Coll.
1114 719 1224 747 decano.
1247 719 1309 746 Post

195 763 300 787 missam
316 759 406 787 habita
423 759 584 795 pereleganti
600 761 718 786 oratione
733 758 767 786 de
782 757 905 794 eligendo
922 759 1034 785 Summo
1050 758 1127 784 Pont.
1144 767 1191 792 per
1206 757 1308 784 R.P.D.

195 798 342 830 Assemani,
365 807 423 824 can.
445 797 500 824 bas.
523 798 677 829 Vaticanae,
700 803 726 824 et
748 799 855 832 incepto
877 795 979 831 hymno
1004 796 1090 822 “Veni
1113 796 1236 822 Creator»
1263 805 1309 830 per

195 842 314 862 cantores
334 835 491 871 pontificios,
513 834 698 871 processionali
719 837 772 861 ritu
792 833 899 861 card.¹⁰¹
922 832 1046 861 conclave
1068 835 1177 868 ingressi
1199 839 1262 859 sunt
1283 839 1309 859 et

196 872 229 900 ad
248 872 376 908 capellam
397 872 538 900 Paulinam
559 879 731 904 accesserunt,
752 872 799 899 ubi
819 871 925 907 expleto
943 871 1045 907 hymno
1065 877 1204 898 consuetas
1224 872 1308 906 ponti-

196 910 267 937 ficias
286 913 488 937 constitutiones
506 909 539 937 de
559 910 694 937 Pontificis
714 909 843 937 electione
862 911 1025 936 iuraverunt.
1046 907 1153 936 Deinde
1172 907 1242 935 card.
1262 908 1309 935 Ot-

196 947 329 975 thobonus
350 958 494 983 congruam
516 947 611 974 habuit
632 947 800 974 hortatoriam
823 946 1010 974 allocutionem
1033 946 1109 974 em.'*
1132 945 1309 973 confratribus

196 985 230 1013 de
248 985 358 1012 sollicita
377 985 513 1012 Pontificis
532 985 668 1012 electione.
689 985 797 1018 Quibus
817 984 927 1020 expletis
946 984 1029 1020 aliqui
1049 983 1119 1011 card.
1139 983 1173 1011 ad
1192 986 1309 1019 proprias

196 1022 274 1050 cellas
291 1033 318 1050 se
333 1022 513 1055 contulerunt,
530 1022 656 1050 nonnulli
673 1030 762 1050 autem
780 1022 814 1050 ad
831 1025 935 1058 propria
951 1022 1057 1058 palatia,
1075 1032 1182 1057 vespere
1199 1021 1233 1049 ad
1249 1032 1309 1049 con>

195 1063 268 1091 clave
282 1065 418 1091 reversuri.
433 1063 638 1090 Intervenerunt
652 1062 687 1088 27
701 1060 771 1088 card.
787 1068 813 1088 et
827 1060 939 1088 fuerunt
953 1067 1106 1096 sequentes:
1127 1059 1308 1091 Otthobonus,

197 1101 293 1133 Rufus,
322 1100 461 1128 Hannibal
487 1099 618 1131 Albanus,
645 1099 759 1126 Ioannes
785 1099 860 1134 Bapt.
888 1097 921 1126 de
947 1097 1062 1130 Alteriis,
1089 1097 1124 1125 de
1149 1097 1249 1125 Alsatia
1276 1096 1309 1124 de

197 1140 308 1171 Boussu,
331 1138 442 1174 Belluga
464 1148 481 1174 y
503 1136 646 1169 Moncada,
670 1138 754 1168 Petra,
778 1137 861 1168 Gotti,
886 1137 984 1168 Porzia,
1008 1135 1114 1168 Carafa,
1139 1135 1308 1171 Burghesius,

198 1176 306 1203 Bichius
327 1176 358 1208 (Ι,
378 1175 415 1207 6),
436 1175 551 1203 Gentilis
571 1175 602 1207 (Ι,
623 1175 660 1207 9),
681 1174 824 1210 Guadagni
846 1174 877 1206 (I,
902 1174 954 1206 10),
975 1174 1115 1209 Aquaviva
1136 1173 1167 1205 (I,
1192 1173 1244 1205 ll),
1265 1172 1309 1200 Al-

196 1212 347 1241 drovandus
362 1214 393 1245 (Ι,
412 1213 464 1245 16),
479 1212 592 1248 Spinelli
607 1213 638 1245 (I,
654 1212 709 1244 20),
724 1211 757 1239 de
771 1212 902 1247 Lamberg
916 1212 947 1243 (Ι,
963 1211 1018 1243 24),
1034 1212 1191 1238 Passioneus
1207 1211 1238 1243 (Ι,
1254 1211 1309 1243 29),

197 1251 301 1278 Guerin
319 1250 353 1278 de
371 1251 477 1278 Tencin
497 1251 528 1283 (Ι,
550 1250 604 1282 32),
624 1249 777 1277 Alexander
795 1249 925 1282 Albanus,
947 1250 1075 1277 Corsinus
1096 1250 1127 1281 (I,
1149 1249 1185 1281 5),
1206 1250 1310 1284 Ruspu-

198 1288 240 1316 lus
261 1289 292 1321 (Ι,
314 1289 350 1320 4),
372 1289 535 1316 Rezzonicus
558 1288 589 1320 (I,
610 1288 666 1320 27),
688 1289 784 1316 Corius
806 1288 837 1320 (I,
861 1288 914 1319 33),
937 1287 1073 1315 Columna
1096 1288 1127 1319 (Ι,
1151 1287 1205 1319 34),
1229 1288 1310 1314 Sacri-

197 1334 290 1362 pantes
310 1327 340 1359 (I,
361 1327 406 1358 35)
427 1326 478 1358 (Ex
496 1326 584 1353 diariis
603 1327 711 1353 loannis
730 1327 805 1361 Bapt.
825 1326 968 1353 Valeriano
986 1335 1055 1361 mag.
1075 1327 1309 1357 caeremoniarum,

197 1364 278 1391 Arch.
298 1365 375 1392 Caer.
394 1365 449 1391 612
468 1375 494 1399 p.
515 1363 617 1395 68-74).
637 1364 711 1391 Hora
731 1366 766 1390 22
786 1374 879 1391 omnes
897 1362 976 1395 card.,
996 1366 1043 1399 qui
1063 1362 1181 1395 aderant,
1202 1365 1310 1398 ingressi

198 1409 261 1429 sunt
279 1401 407 1437 capellam
427 1402 558 1429 Sixtinam
578 1409 604 1429 et
623 1409 785 1437 exceperunt
803 1404 951 1429 iuramenta
971 1412 985 1429 a
1005 1403 1126 1437 principe
1146 1401 1240 1428 Chisio
1258 1411 1311 1428 ma-

198 1439 315 1467 resciallo
332 1439 463 1467 conclavis
480 1447 506 1467 et
523 1439 556 1466 ab
574 1439 632 1466 aliis
648 1438 813 1466 officialibus.
832 1440 906 1466 Hora
925 1441 942 1466 2
960 1442 1044 1466 noctis
1062 1442 1161 1475 private
1179 1441 1311 1475 ingressus

198 1484 236 1504 est
255 1476 380 1504 conclave
400 1476 470 1504 card.
491 1477 593 1509 Coscia,
614 1479 661 1512 qui
682 1479 711 1504 in
731 1484 814 1505 castro
835 1477 862 1504 S.
883 1476 981 1512 Angeli
1003 1476 1180 1509 detinebatur,
1202 1484 1228 1504 et
1248 1476 1311 1504 sella

196 1522 294 1547 vectus,
308 1517 371 1550 quia
384 1517 496 1550 graviter
508 1514 622 1550 podagra
636 1515 755 1546 affectus,
769 1525 821 1542 em.
835 1514 967 1542 decanum
981 1517 1106 1542 invisivit.
1117 1515 1191 1542 Hora
1201 1517 1218 1542 4
1228 1517 1312 1542 noctis

197 1552 301 1580 clausae
320 1560 383 1580 sunt
402 1560 491 1587 portae
510 1552 650 1580 conclavis.
674 1554 706 1580 19
727 1552 801 1580 Febr.
823 1560 940 1587 tempore
960 1554 1038 1588 primi
1059 1555 1179 1580 scrutinii
1199 1552 1311 1580 fuerunt

197 1592 227 1617 in
244 1589 363 1617 conclavi
383 1591 418 1617 32
436 1589 514 1622 card,
534 1589 627 1617 eodem
647 1589 690 1617 die
709 1600 817 1625 vespere
835 1592 903 1617 circa
922 1589 1013 1617 horam
1034 1591 1069 1617 20
1088 1589 1262 1617 conclavistae
1282 1592 1311 1616 in

196 1627 297 1663 capella
316 1628 419 1655 Sixtina
436 1630 617 1655 iuramentum
636 1630 822 1663 praestiterunt
840 1626 874 1655 de
891 1638 948 1655 non
965 1627 1107 1655 revelando
1125 1627 1259 1663 quidquid
1278 1627 1311 1655 de

196 1664 325 1692 electione
340 1665 476 1692 Pontificis
490 1667 610 1692 scierent.
626 1667 662 1692 22
678 1665 753 1693 Febr.
770 1672 828 1701 post
843 1668 1001 1693 scrutinium
1017 1666 1198 1701 vespertinum
1215 1668 1311 1701 ingres-

196 1713 240 1730 sus
253 1709 292 1730 est
305 1702 430 1730 conclave
443 1702 512 1730 card.
528 1702 633 1735 Carafa,
649 1704 682 1730 25
699 1703 774 1731 Febr.
789 1703 895 1739 expleto
908 1706 1035 1731 scrutinio
1050 1706 1165 1731 serotino
1179 1706 1311 1739 ingressus

197 1747 235 1767 est
249 1739 319 1767 card.
335 1739 427 1768 Iudice
442 1748 469 1768 et
483 1743 564 1768 exivit
579 1740 648 1768 card.
665 1741 838 1769 Otthobonus
854 1741 985 1774 infirmus,
1001 1744 1049 1777 qui
1066 1743 1100 1768 29
1118 1741 1194 1769 Febr.
1210 1742 1253 1769 ob.
1270 1752 1311 1769 ex-

197 1785 234 1804 tra
248 1777 372 1805 conclave
385 1777 449 1805 hora
462 1781 546 1814 prima
561 1781 653 1806 noctis.
664 1780 699 1806 27
714 1779 788 1806 Febr.
798 1789 905 1814 vespere
920 1779 1025 1815 expleto
1038 1782 1166 1806 semtinio
1179 1782 1311 1815 ingressus

196 1822 235 1842 est
247 1814 316 1842 card.
327 1816 551 1843 Accorambonus.
562 1817 596 1843 28
607 1816 681 1844 Febr.
692 1824 750 1852 post
762 1819 920 1844 scrutinium
933 1819 1114 1852 vespertinum
1128 1820 1261 1852 ingressus
1273 1824 1311 1844 est

197 1851 266 1879 card.
281 1853 419 1880 Massaeus
433 1853 464 1885 (I,
481 1854 517 1885 3).
527 1854 643 1889 Vespere
657 1853 776 1882 eiusdem
791 1853 844 1882 diei
858 1862 916 1890 post
931 1854 1064 1890 hymnum
1083 1855 1169 1882 «Veni
1184 1855 1307 1882 Creator„

197 1897 223 1917 et
236 1889 388 1918 immediate
401 1898 462 1918 ante
475 1893 632 1918 scrutinium
647 1891 810 1927 apoplectico
822 1894 878 1919 ictu
890 1891 960 1919 card.
974 1892 1007 1920 de
1021 1892 1128 1919 Alteriis
1141 1899 1180 1920 est
1193 1899 1310 1924 vexatus,

198 1938 224 1958 et
243 1930 314 1958 illico
333 1941 347 1958 e
367 1930 468 1966 capella
488 1930 551 1958 sella
570 1938 662 1958 vectus
681 1938 719 1958 est
739 1929 773 1957 ad
793 1930 896 1958 cellam.
919 1931 981 1957 Post
1000 1929 1071 1957 idem
1093 1932 1251 1957 scrutinium
1273 1932 1311 1957 in-

198 1978 299 2003 gressus
320 1975 359 1995 est
379 1967 448 1995 card.
470 1969 569 1995 Passari
592 1968 623 2000 (I,
649 1968 701 1999 14).
726 1970 736 1994 l
762 1968 842 1995 Mart.
864 1978 973 2003 vespere
994 1974 1055 1995 ante
1077 1969 1197 1994 scrutinii
1218 1967 1310 1994 horam

198 2004 268 2032 card.
294 2004 328 2033 de
354 2005 461 2033 Alteriis
486 2015 561 2032 suam
589 2005 710 2032 ultimam
738 2007 852 2033 exaravit
879 2005 1053 2037 voluntatem;
1081 2007 1098 2032 2
1125 2006 1206 2032 Mart.
1234 2012 1312 2032 nocte

198 2042 286 2078 elapsa
303 2050 466 2070 sacramento
482 2049 614 2070 extremae
630 2045 764 2070 unctionis
782 2050 820 2070 est
836 2045 966 2070 munitus.
985 2044 1101 2079 Vespere
1121 2044 1134 2070 5
1154 2043 1235 2070 Mart.
1254 2049 1312 2078 post

199 2082 355 2107 scrutinium
374 2082 506 2116 ingressus
524 2087 563 2108 est
580 2079 650 2108 card.
670 2080 864 2112 Lambertinus,
884 2082 900 2107 6
921 2081 1001 2108 Mart.
1021 2088 1079 2116 post
1098 2083 1256 2108 scrutinium
1276 2091 1310 2108 se

198 2120 315 2145 rotinum
331 2117 401 2145 card.
418 2117 532 2153 Spinula
549 2118 580 2150 (I,
601 2118 653 2150 15).
671 2119 686 2145 8
703 2119 784 2146 Mart.
801 2125 860 2154 post
875 2121 1033 2146 scrutinium
1049 2121 1214 2146 matutinum
1232 2121 1312 2146 exivit

198 2156 267 2184 card.
287 2157 397 2193 Belluga
415 2168 432 2193 y
450 2157 584 2185 Moncada
603 2158 733 2190 infirmus,
753 2161 800 2194 qui
819 2160 855 2185 24
873 2159 954 2185 Mart.
973 2166 1032 2194 post
1050 2161 1208 2186 scrutinium
1227 2166 1311 2185 matu-

199 2197 286 2222 tinum
303 2194 387 2222 rediit.
408 2196 439 2222 13
457 2196 538 2222 Mart.
554 2195 618 2223 hora
635 2198 652 2223 4
668 2206 690 2223 c.
708 2195 856 2232 quadrante
873 2196 1054 2224 antecedentis
1070 2199 1155 2224 noctis
1171 2199 1312 2232 exspiravit

198 2234 227 2259 in
245 2231 363 2259 conclavi
381 2231 451 2259 card.
469 2233 583 2260 Ioannes
602 2234 677 2269 Bapt.
697 2233 730 2261 de
748 2233 855 2261 Alteriis
873 2245 916 2270 ep.
935 2235 1108 2266 Praenestin.;
1127 2245 1236 2270 vespere
1254 2242 1312 2270 post

199 2272 356 2296 scrutinium
378 2280 473 2306 corpus
494 2270 616 2298 defuncti
638 2270 708 2298 card.
730 2271 764 2299 ad
785 2271 914 2307 capellam
937 2272 1078 2299 Paulinam
1101 2280 1263 2308 asportatum
1286 2279 1312 2300 et

199 2306 232 2334 de
250 2317 306 2334 sero
324 2307 387 2335 hora
406 2310 490 2343 prima
509 2311 593 2335 noctis
611 2316 682 2336 extra
701 2309 826 2337 conclave
844 2309 963 2337 delatum
983 2317 1029 2338 est.
1052 2311 1082 2337 15
1104 2311 1185 2338 Mart.
1205 2321 1312 2346 vespere

198 2352 257 2379 post
276 2348 433 2372 scrutinium
454 2348 585 2381 ingressus
605 2354 644 2374 est
663 2346 733 2374 card.
755 2347 894 2375 Ferrerius.
918 2350 949 2375 19
972 2349 1052 2375 Mart.
1074 2355 1133 2384 post
1153 2351 1311 2376 scrutinium

199 2385 378 2417 vespertinum
391 2385 523 2418 ingressus
537 2391 576 2411 est
588 2384 657 2411 card.
671 2384 704 2412 de
718 2385 782 2412 Ilcio
797 2386 827 2417 (Ι,
840 2386 895 2417 28).
906 2388 938 2413 21
956 2387 1036 2413 Mart.
1050 2397 1158 2421 vespere
1172 2394 1231 2421 post
1244 2397 1312 2414 scru-

200 2422 296 2447 tinium
310 2423 442 2456 ingressus
455 2428 493 2448 est
506 2421 575 2448 card.
590 2421 623 2449 de
638 2423 759 2449 Marinis.
774 2423 890 2458 Vespere
904 2424 938 2450 23
954 2424 1035 2450 Mart.
1051 2423 1171 2451 absoluto
1186 2426 1312 2451 scrutinio

199 2460 330 2492 ingressus
343 2465 381 2485 est
394 2457 463 2485 card.
477 2458 511 2486 de
524 2458 621 2486 Rohan
632 2458 665 2486 de
679 2460 799 2487 Soubise.
813 2462 849 2487 24
862 2461 943 2487 Mart.
957 2471 1065 2496 vespere
1078 2468 1141 2489 ante
1154 2464 1312 2488 scrutinium

199 2497 331 2530 ingressus
350 2502 387 2522 est
405 2494 467 2522 card
485 2495 572 2523 Firrao
591 2497 622 2528 (Ι,
644 2497 680 2529 8).
699 2498 733 2524 25
754 2498 835 2524 Mart.
854 2505 913 2533 post
931 2500 1089 2525 scrutinium
1109 2501 1254 2526 serotinum
1274 2501 1313 2525 in-

199 2542 301 2567 gressus
318 2540 357 2559 est
373 2532 442 2560 card.
461 2534 604 2561 Lercarius.
623 2535 658 2561 27
676 2535 757 2561 Mart.
775 2546 855 2563 mane
872 2543 931 2571 post
948 2538 1106 2563 scrutinium
1124 2539 1257 2572 ingressus
1275 2544 1314 2563 est

200 2569 269 2596 card.
288 2571 400 2597 Cincius
418 2571 448 2603 (I,
471 2571 523 2602 17);
540 2582 648 2607 vespere
665 2571 784 2599 eiusdem
802 2572 854 2600 diei
873 2580 931 2609 post
949 2576 1107 2601 scrutinium
1125 2577 1257 2610 ingressus
1275 2581 1314 2602 est

200 2607 325 2635 conclave
345 2607 414 2635 card.
435 2607 468 2636 de
489 2609 576 2636 Turre
595 2609 739 2638 Arverniae
760 2609 794 2638 de
815 2611 940 2638 Bouillon
962 2612 993 2644 (Ι,
1016 2612 1072 2644 23).
1094 2613 1129 2639 28
1151 2613 1232 2639 Mart.
1254 2620 1313 2647 post

200 2647 357 2672 scrutinium
374 2648 537 2673 matutinum
554 2649 686 2682 ingressus
702 2654 741 2675 est
757 2647 826 2674 card.
844 2647 878 2676 de
895 2648 1065 2676 Lanfredinis
1083 2650 1114 2681 (Ι,
1135 2650 1188 2681 19),
1205 2660 1312 2685 vespere

200 2681 318 2709 eiusdem
336 2681 388 2710 diei
405 2683 510 2719 expleto
526 2687 653 2711 scrutinio
669 2687 778 2720 ingressi
794 2693 857 2713 sunt
874 2685 943 2713 card.
961 2686 994 2714 de
1012 2686 1177 2714 Kollonitsch
1195 2694 1221 2715 et
1238 2688 1313 2714 Mus<

200 2733 230 2750 ca
249 2723 279 2755 (I,
301 2723 353 2755 12).
372 2724 386 2749 3
404 2723 469 2758 Apr.
487 2730 545 2758 post
562 2726 719 2750 scrutinium
737 2726 917 2759 vespertinum
935 2727 1067 2760 ingressus
1085 2732 1123 2752 est
1140 2724 1210 2752 card.
1229 2726 1313 2752 Stam-

200 2771 233 2795 pa
250 2761 280 2792 (I,
298 2760 352 2792 31).
370 2762 401 2787 19
417 2761 482 2796 Apr.
497 2771 604 2796 vespere
618 2768 677 2796 post
691 2763 848 2788 scrutinium
864 2764 972 2797 ingressi
989 2770 1051 2789 sunt
1066 2762 1135 2789 card.
1152 2762 1313 2790 Sinzendorf

200 2805 226 2825 et
244 2798 351 2825 Valenti
369 2798 495 2833 Gonzaga
515 2799 546 2830 (Ι,
567 2799 621 2830 30).
641 2800 756 2834 Vespere
775 2801 810 2826 20
828 2799 893 2835 Apr.
913 2799 1018 2835 expleto
1036 2803 1163 2828 scrutinio
1181 2803 1312 2836 ingressus

200 2843 239 2863 est
260 2835 330 2863 card.
354 2836 439 2871 Cybo.
464 2837 479 2863 8
504 2837 571 2863 Maii
595 2844 653 2872 post
675 2839 833 2864 scrutinium
857 2840 1001 2864 serotinum
1025 2840 1157 2873 ingressus
1181 2846 1219 2866 est
1242 2838 1312 2866 card.

200 2873 333 2906 Quirinus
356 2883 461 2901 summo
483 2873 611 2900 card.'¹‘¹'¹¹
636 2873 713 2901 illum
737 2877 927 2910 excipientium
952 2875 1056 2911 plausu.
1085 2878 1117 2903 10
1142 2877 1210 2903 Maii
1233 2887 1313 2904 mane

202 2910 306 2946 expleto
323 2913 449 2938 scrutinio
467 2913 547 2938 exivit
564 2911 634 2938 card.
652 2912 743 2939 Porzia
761 2912 890 2944 infirmus,
910 2916 957 2948 qui
980 2915 1011 2939 lO
1029 2914 1090 2940 Iun.
1109 2916 1177 2941 circa
1195 2913 1256 2941 solis
1274 2925 1313 2941 oc-

201 2958 291 2975 casum
308 2951 338 2975 in
354 2948 452 2984 palatio
468 2959 531 2976 suae
547 2948 704 2977 residentiae
720 2960 802 2985 prope
818 2950 880 2977 eccl.
899 2951 926 2977 S.
945 2951 1047 2978 Mariae
1064 2954 1093 2978 in
1110 2952 1216 2979 Porticu
1234 2951 1314 2987 vulgo

202 2985 356 3021 Campitelli
378 2986 470 3013 morbo
491 2986 698 3014 inflammatorio
720 2987 791 3014 diem
814 2987 908 3015 clausit
929 2996 1077 3015 extremum
1100 2999 1143 3016 an.
1167 3000 1247 3025 agens
1269 2990 1313 3016 67.

202 3026 238 3051 24
254 3025 323 3056 Iun.,
340 3032 480 3060 postquam
496 3024 565 3052 card.
582 3026 694 3052 Cincius
709 3025 766 3053 heri
782 3025 815 3053 ad
832 3029 989 3054 scrutinium
1006 3027 1083 3054 rediit
1098 3035 1124 3055 et
1140 3028 1173 3055 ab
1189 3028 1314 3055 omnibus

202 3062 255 3090 fuit
275 3073 380 3090 summo
400 3062 498 3098 gaudio
518 3071 651 3099 exceptus,
674 3074 734 3091 ecce
755 3063 788 3092 de
808 3072 917 3100 repente
937 3072 1058 3092 mortuus
1079 3068 1204 3093 inventus
1226 3074 1265 3094 est
1285 3069 1314 3093 in

202 3101 277 3135 lecto,
294 3109 434 3138 postquam
450 3102 514 3130 hora
530 3103 546 3130 8
562 3112 664 3130 sacrum
680 3105 710 3130 in
725 3106 830 3139 proprio
845 3103 970 3131 cubiculo
986 3104 1117 3140 persolvit;
1134 3115 1229 3140 corpus
1244 3104 1314 3132 card.

1368 567 1491 596 defuncti
1509 570 1658 604 expositum
1676 575 1715 596 est
1731 570 1761 595 in
1777 567 1879 604 capella
1896 566 2018 599 Paulina,
2037 574 2063 595 et
2080 566 2144 594 hora
2162 568 2247 603 prima
2264 568 2349 594 noctis
2365 564 2485 594 delatum

1369 614 1407 633 est
1425 605 1459 634 ad
1476 613 1579 642 portam
1597 605 1729 633 conclavis
1746 604 1854 633 card-'²¹¹⁸
1873 604 2099 643 subsequentibus
2118 604 2169 636 (Ex
2187 603 2276 632 diariis
2294 604 2392 640 Ignatii
2409 603 2486 631 Roali

1367 647 1397 671 in
1414 647 1472 680 ipso
1489 644 1608 671 conclavi
1626 645 1852 671 caeremoniarum
1870 649 1954 679 apost.
1971 651 2051 678 mag„
2069 642 2151 670 Arch.
2171 643 2248 670 Caer.
2269 642 2312 674 86,
2333 641 2395 675 86b,
2415 641 2486 674 86c).

1373 683 1405 709 17
1425 681 1496 717 Aug.
1520 682 1590 708 1740
1610 688 1698 709 sextus
1718 681 1868 708 recurrebat
1887 682 1986 708 mensis
2006 691 2021 708 a
2041 679 2085 708 die
2105 680 2122 707 6
2142 679 2218 707 Febr.
2241 680 2320 711 1740,
2340 681 2371 707 in
2390 689 2446 715 quo
2465 688 2486 706 s.

1368 730 1449 747 mem.
1467 719 1595 747 Clemens
1612 720 1663 746 ΡΡ.
1679 719 1729 746 XII
1746 718 1818 746 diem
1834 718 1964 746 clauserat
1980 725 2128 746 extremum
2146 724 2173 745 et
2189 716 2264 745 sedes
2280 717 2351 744 Petri
2367 716 2486 750 vacabat,

1369 768 1439 793 quae
1456 756 1558 785 diutius
1576 756 1701 793 equidem
1719 763 1835 784 vacasset
1853 759 1905 784 nisi
1922 755 2079 784 ostendisset
2096 755 2257 788 Altissimus‚
2276 765 2358 789 quem
2376 753 2439 790 eligi
2456 756 2487 782 in

1369 805 1449 822 suum
1466 797 1516 822 vic.
1533 795 1567 822 ab
1583 794 1659 822 em.'·
1677 794 1748 822 card.
1765 796 1905 826 statuisset;
1923 804 1986 821 nam
2004 800 2106 830 praeter
2123 795 2245 820 omniurn
2263 793 2486 828 exspectationem

1369 832 1413 860 hic
1431 840 1470 860 est
1487 832 1594 864 electus,
1613 835 1661 869 qui
1679 831 1793 860 durante
1810 831 1930 860 conclavi
1948 830 2117 859 solummodo
2134 829 2240 858 duobus
2257 829 2361 857 vicibus
2378 831 2487 857 nonnisi

1370 872 1388 897 4
1403 877 1463 897 vota
1479 870 1575 897 habuit
1590 873 1620 897 in
1637 872 1771 902 scrutinio,
1789 872 1837 906 qui
1853 880 1901 906 pro
1917 869 2025 897 alterius
2041 868 2171 897 electione
2187 867 2336 896 diutissime
2353 874 2420 895 tunc
2435 876 2488 895 oer-

1370 908 1449 940 tabat,
1466 915 1492 935 et
1508 915 1613 935 tantum
1630 908 1720 935 aberat
1736 908 1769 935 ab
1784 906 1940 935 huiusmodi
1957 909 2131 942 promotione,
2149 913 2181 934 ut
2196 905 2262 933 dum
2279 903 2406 933 nonnulli
2421 903 2488 938 elee-

1371 956 1438 976 tores
1456 947 1490 976 de
1508 958 1555 975 sua
1575 957 1685 983 persona
1704 948 1862 982 cogitarunt,
1882 952 1912 972 ut
1931 944 2018 973 eidem
2038 946 2165 976 innotuit,
2185 942 2252 979 quid
2271 941 2305 971 de
2323 953 2352 971 se
2370 943 2487 974 sentiret,

1370 994 1396 1014 et
1422 986 1546 1022 operibus
1571 992 1598 1013 et
1623 995 1744 1012 sermone
1769 985 1981 1011 constantissime
2006 981 2195 1009 manifestavit.
2222 979 2336 1017 Expleto
2360 986 2489 1008 consueto

1370 1026 1498 1051 scrutinio
1517 1025 1667 1059 vespertino
1690 1023 1722 1049 16
1742 1022 1822 1057 Aug„
1843 1024 1873 1049 in
1892 1031 1948 1057 quo
1967 1019 2037 1048 card.
2058 1019 2247 1047 Lambertinus
2266 1017 2374 1046 nullum
2394 1023 2488 1046 votum

1370 1062 1466 1089 habuit
1486 1062 1559 1094 (narn
1580 1061 1659 1088 Picus
1678 1059 1774 1087 habuit
1793 1066 1885 1087 votum
1909 1060 1932 1091 l,
1952 1056 2118 1086 Corradinus
2140 1059 2162 1089 l,
2183 1055 2329 1092 Guadagni
2351 1057 2375 1088 l,
2394 1054 2488 1084 Aldro·

1370 1098 1474 1127 vandus
1494 1100 1536 1131 31,
1556 1097 1737 1126 Lanfredinus
1758 1097 1810 1129 17),
1829 1096 1937 1124 auditus
1955 1103 1994 1124 est
2011 1106 2058 1131 per
2075 1094 2201 1123 conclave
2218 1101 2306 1122 certus
2322 1103 2422 1126 rumor,
2439 1094 2488 1130 qui

1370 1140 1455 1165 em.¹¹¹¹¹
1482 1137 1686 1165 Lambertinum
1711 1142 1829 1164 creatum
1855 1137 1886 1162 in
1904 1134 2056 1162 'Summum
2082 1134 2160 1161 Pont.
2186 1131 2325 1164 referebat3
2350 1138 2489 1168 propterea

1370 1175 1496 1203 nonnulli
1511 1174 1581 1202 card.
1596 1177 1726 1202 irruentes
1741 1183 1827 1209 paene
1841 1175 1870 1200 in
1885 1183 1948 1200 eum
1963 1174 2076 1207 primam
2092 1169 2289 1199 oboedientiam
2304 1178 2402 1197 manus
2415 1178 2489 1197 σωυ-

1371 1213 1397 1241 10
1416 1215 1610 1249 praestiterunt‚
1630 1212 1769 1247 obstupuit
1787 1214 1843 1247 ipse
1862 1217 1889 1238 et
1907 1209 2015 1245 aufugit
2032 1211 2063 1237 in
2081 1211 2213 1245 propriam
2233 1207 2337 1240 cellam
2355 1206 2404 1236 sed
2421 1209 2489 1236 inse-

1370 1251 1517 1287 quentibus
1535 1250 1593 1278 aliis
1610 1260 1633 1278 c.
1652 1249 1712 1282 illis,
1732 1252 1901 1277 instantanee
1919 1248 2044 1275 futurum
2063 1246 2220 1275 Pontificem
2240 1245 2275 1274 de
2291 1255 2373 1274 mane
2418 1247 2424 1253 '

1371 1289 1437 1317 dum
1453 1299 1547 1316 ornnes
1563 1294 1737 1324 agnoverunt,
1754 1294 1781 1315 et
1795 1297 1893 1314 manus
1909 1285 1999 1314 osculo
2015 1283 2190 1321 spondemnt,
2207 1283 2322 1312 lacrimis
2337 1285 2409 1320 oepit

1371 1329 1437 1354 tioni
1463 1325 1630 1362 respondere.
1657 1326 1796 1353 Insomnes
1822 1324 1935 1352 fuerunt
1960 1323 2093 1355 electores,
2121 1322 2192 1350 solus
2217 1320 2357 1358 eligendus
2382 1327 2488 1349 noctem

1372 1367 1505 1400 transegit,
1521 1375 1551 1392 ac
1566 1366 1587 1392 si
1603 1363 1636 1391 de
1651 1366 1709 1399 ipso
1724 1370 1813 1391 actum
1829 1373 1886 1390 non
1900 1361 2003 1394 fuisset;
2018 1368 2045 1389 et
2059 1363 2104 1388 vix
2119 1360 2271 1388 lucescente
2285 1358 2330 1388 die
2344 1357 2379 1387 ad
2393 1357 2489 1387 cellam

1371 1402 1433 1430 em.'
1452 1402 1617 1430 Lambertini
1634 1401 1689 1429 fere
1706 1410 1799 1428 omnes
1816 1406 1982 1428 accesserunt
1998 1397 2116 1431 card.¹“,
2133 1404 2165 1426 ut
2181 1400 2190 1425 i
2287 1407 2374 1433 paene
2390 1406 2406 1425 e
2422 1395 2490 1424 cella

1371 1441 1503 1477 rapientes
1520 1439 1678 1467 festinanter
1694 1438 1728 1466 ad
1745 1440 1904 1466 scrutinium
1922 1436 2094 1465 deducerent.
2112 1435 2253 1464 Celebrata
2270 1434 2305 1464 de
2320 1445 2395 1463 more
2409 1435 2490 1462 mim

1371 1478 1404 1506 de
1424 1477 1548 1514 eligendo
1568 1478 1715 1511 Sanctique
1734 1477 1848 1513 Spiritus
1867 1478 1991 1503 invocato
2010 1473 2141 1511 praesidio
2160 1473 2194 1502 ad
2214 1475 2373 1501 scrutinium
2393 1471 2490 1501 deven-

1373 1523 1430 1544 tum
1451 1523 1498 1548 est,
1519 1518 1549 1543 in
1570 1526 1624 1551 quo
1645 1517 1817 1547 unanimiter,
1840 1513 1895 1542 scil.
1919 1514 1954 1541 50
1975 1515 2043 1541 votis
2063 1523 2097 1540 ex
2119 1513 2150 1540 51
2175 1510 2283 1540 card.¹⁷'¹'
2307 1511 2376 1547 (ipse
2395 1517 2489 1539 votum
2534 1532 2536 1535 ,

1372 1554 1446 1582 dedit
1462 1557 1527 1582 em.⁰
1544 1552 1737 1585 Aldrovando),
1755 1552 1855 1580 electus
1871 1559 1911 1580 est
1926 1554 1957 1579 in
1974 1552 2119 1579 Summum
2137 1551 2224 1582 Pom„
2243 1555 2345 1577 servato
2361 1550 2423 1581 ritu,
2441 1550 2489 1585 qui

1371 1591 1473 1620 diutius
1493 1599 1532 1620 est
1551 1598 1706 1628 protractus,
1726 1601 1790 1618 nam
1811 1590 1859 1618 diu
1878 1591 1970 1622 oravit,
1991 1596 2136 1625 antequam
2157 1587 2281 1616 electioni
2301 1586 2336 1616 de
2355 1597 2384 1615 se
2403 1585 2490 1615 factae

1371 1640 1531 1657 consensum
1552 1629 1696 1665 praeberet.
1718 1628 1880 1656 Neoelectus
1900 1629 2012 1655 nomine
2032 1625 2171 1654 Benedicti
2190 1626 2255 1654 XIV
2275 1624 2380 1658 selecto,
2399 1623 2490 1662 papali

1372 1668 1466 1695 habitu
1487 1666 1599 1695 indutus
1619 1669 1649 1694 in
1669 1666 1770 1703 capella
1791 1665 1899 1694 card.¹·'
1921 1675 2014 1693 ornnes
2035 1664 2069 1693 ad
2089 1667 2203 1701 primam
2225 1665 2330 1700 excepit
2349 1661 2490 1691 oboedien-

1372 1709 1444 1734 tiam.
1461 1705 1541 1734 Card.
1557 1705 1591 1733 de
1607 1706 1721 1733 Marinis
1736 1707 1806 1741 prior
1821 1703 1889 1732 diac.
1905 1702 1975 1731 card.
1991 1703 2127 1731 licentiam
2143 1705 2217 1730 iuxta
2233 1708 2392 1730 consuetum
2407 1703 2490 1729 rimm

1372 1744 1529 1772 electionem
1550 1741 1707 1779 publicandi
1727 1753 1742 1770 e
1761 1741 1832 1770 lodia
1851 1740 2046 1769 benedictionis
2066 1743 2095 1768 in
2114 1740 2170 1767 bas.
2191 1739 2281 1767 fronte
2300 1741 2350 1767 sita
2369 1745 2490 1775 expostu-

1372 1782 1443 1814 lavit,
1471 1789 1498 1809 et
1524 1780 1677 1808 immediate
1704 1787 1814 1808 executa
1841 1786 1881 1807 est
1906 1781 2038 1806 immenso
2064 1777 2185 1806 adstante
2210 1776 2312 1814 populo
2337 1779 2367 1805 in
2412 1775 2490 1804 lam.

1372 1821 1489 1855 Vespere
1514 1820 1586 1847 81³⁰·
1613 1819 1688 1846 D.N.
1713 1817 1820 1846 admisit
1844 1827 1932 1853 regem
1958 1818 2112 1844 Britanniae
2135 1826 2191 1843 una
2214 1825 2277 1843 cum
2302 1814 2372 1842 81115.
2418 1820 2491 1843 ostes

1374 1860 1446 1887 S.=²·¹·
1465 1860 1540 1886 D.N.
1557 1861 1588 1886 in
1603 1858 1704 1894 capella
1722 1859 1826 1886 Sixtina
1842 1856 1950 1885 card.¹‘'
1969 1855 2003 1884 ad
2020 1855 2096 1892 pedis
2112 1862 2139 1884 et
2154 1865 2252 1883 manus
2268 1853 2400 1887 osculum,
2416 1852 2491 1882 indess

1373 1908 1426 1933 que
1446 1897 1479 1924 ad
1499 1896 1653 1933 amplexum
1673 1907 1706 1924 ex
1724 1903 1839 1932 utroque
1858 1895 1939 1923 latere
1959 1893 2073 1922 admisit.
2094 1892 2274 1922 Oboedienn‘a
2293 1891 2398 1929 expleta
2417 1892 2491 1928 Papa

1372 1935 1435 1962 sella
1449 1937 1586 1970 gestatoria
1601 1944 1707 1962 summo
1720 1941 1746 1961 et
1758 1932 1915 1961 inexorabili
1929 1932 2026 1969 plausu
2039 1935 2069 1960 in
2082 1932 2138 1959 bas.
2152 1932 2310 1959 vaticanam
2324 1937 2364 1958 est
2377 1928 2490 1962 delnms,

1372 1973 1419 2000 ubi
1437 1972 1507 2000 card.
1526 1971 1620 1999 decan.
1638 1974 1761 2008 praestita
1779 1970 1948 1999 oboedientia
1966 1971 2028 1998 S.'¹¹⁰
2047 1970 2123 1997 D.N.
2141 1971 2261 1997 intonuit
2278 1968 2412 2005 hymnum
2433 1966 2491 1996 ‹Te

1373 2012 1478 2038 Deum»
1501 2010 1724 2046 prosequentibus
1741 2009 1902 2041 cantoribus,
1922 2008 2008 2036 donec
2026 2008 2060 2036 ab
2078 2007 2155 2035 em.¹'
2175 2006 2245 2035 card.
2264 2013 2304 2034 est
2321 2004 2490 2034 oboedientia

1373 2051 1495 2083 praestita
1512 2048 1562 2075 S.‘¹
1581 2048 1609 2075 S.
1626 2047 1738 2083 Expleto
1753 2047 1857 2083 hymno
1872 2057 1886 2074 a
1903 2047 2017 2074 Summo
2031 2046 2109 2073 Pont.
2125 2044 2278 2073 benedictio
2293 2045 2428 2080 impertita
2442 2050 2490 2076 est;

1372 2085 1470 2114 deinde
1491 2087 1549 2113 S.S.
1571 2085 1678 2113 card.¹”
1701 2084 1809 2117 dimisit,
1831 2092 1858 2112 et
1879 2084 1942 2112 sella
1963 2086 2101 2120 gestatoria
2123 2082 2157 2111 ad
2178 2093 2239 2111 suas
2258 2084 2412 2110 mansiones
2432 2081 2490 2110 Pal.

1372 2125 1495 2188 Vatihcani
1512 2122 1599 2151 delata
1616 2130 1655 2188 es}
1672 2123 1723 2155 (Ex
1735 2122 1828 2192 {liariis
1845 2123 1942 2158 Ignatii
1960 2122 2036 2149 Reali
2052 2121 2136 2157 praef.
2153 2122 2380 2148 caeremoniarum
2396 2125 2489 2156 apost„

1373 2162 1425 2189 Arc
1449 2182 1454 2187 .
1473 2162 1550 2189 Caer.
1571 2162 1622 2188 593
1656 2181 1662 2187 .
1681 2161 1734 2188 2-5‘
1749 2181 1755 2186 .

1446 2201 1465 2233 ⁸)
1486 2203 1518 2228 21
1546 2201 1617 2236 Aug.
1645 2201 1715 2227 1740
1739 2200 1812 2227 S.'²¹'¹‘
1838 2199 1914 2226 D.N.
1938 2197 2100 2225 Benedictus
2123 2197 2176 2224 ΡΡ.
2200 2196 2264 2224 XIV
2286 2197 2317 2223 in
2339 2194 2411 2223 lodia
2433 2194 2490 2223 bas.

1373 2239 1519 2266 Vaticanae
1535 2249 1550 2265 a
1567 2237 1636 2265 card.
1654 2236 1688 2265 de
1704 2237 1819 2264 Marinis
1835 2238 1920 2272 priore
1937 2234 2004 2263 diac.
2021 2233 2091 2262 card.
2109 2234 2194 2261 thiara
2210 2232 2245 2261 de
2261 2243 2334 2261 more
2350 2238 2491 2260 coronatus

1374 2284 1412 2304 est
1430 2275 1522 2308 (Arch.
1540 2276 1617 2303 Caer.
1636 2276 1687 2302 593
1705 2274 1725 2301 f.
1742 2275 1759 2301 6
1776 2284 1818 2305 ss.;
1835 2274 1890 2301 612
1906 2284 1933 2309 p.
1954 2272 2090 2304 110137).

1447 2316 1467 2348 ⁴)
1489 2317 1524 2343 30
1540 2315 1606 2351 Apr.
1627 2315 1705 2346 1758,
1724 2324 1786 2341 curn
1804 2312 1846 2340 his
1864 2313 2001 2339 transactis
2017 2310 2112 2338 diebus
2130 2310 2187 2337 S.S.
2205 2315 2232 2337 et
2249 2308 2317 2336 febri
2335 2315 2362 2336 et
2378 2309 2491 2344 pectoris

1373 2357 1506 2382 anxietate
1521 2355 1633 2389 graviter
1647 2351 1796 2383 laborasset,
1813 2349 1847 2378 de
1862 2360 1919 2377 sero
1934 2359 1981 2385 per
1996 2347 2134 2384 epistolam
2151 2349 2303 2375 secretariae
2319 2346 2410 2374 Status
2425 2348 2491 2374 em.'

1373 2394 1470 2419 vicario
1490 2390 1668 2427 significatum
1688 2395 1735 2421 est,
1756 2395 1787 2416 ut
1806 2387 1915 2415 collecta
1935 2397 1983 2423 pto
2003 2387 2117 2414 Summo
2136 2386 2214 2412 Pont.
2234 2384 2343 2412 infirmo
2361 2386 2392 2412 in
2410 2385 2490 2411 missa

1374 2428 1522 2460 adderetur,
1539 2427 1574 2455 de
1590 2434 1699 2463 repente
1716 2426 1766 2454 hac
1782 2432 1861 2453 nocte
1876 2426 2045 2452 miseratione
2061 2421 2152 2450 divina
2169 2425 2206 2450 ita
2223 2421 2352 2450 allevatus
2369 2427 2409 2449 est
2423 2431 2491 2449 mor-

1373 2467 1432 2498 bus,
1446 2473 1485 2493 ut.
1501 2476 1520 2493 s.
1535 2467 1727 2493 communione
1741 2474 1798 2491 non
1811 2465 1841 2490 in
1856 2462 1941 2490 forma
1956 2463 2044 2489 viatici
2059 2460 2131 2488 refici
2146 2462 2215 2487 intra
2230 2462 2326 2487 missae
2340 2458 2491 2487 celebratio-

1374 2514 1437 2531 nem
1454 2505 1590 2539 potuisset.
1612 2504 1623 2529 1
1644 2502 1713 2529 Maii
1730 2503 1826 2528 iterum
1845 2501 1918 2535 Papa
1935 2509 1955 2527 s.
1973 2501 2164 2526 communione
2181 2500 2210 2525 in
2228 2497 2298 2525 lecto
2314 2499 2403 2525 iacens
2420 2498 2491 2524 intra

1373 2543 1467 2568 missae
1487 2540 1691 2568 celebrationem
1711 2549 1759 2574 per
1777 2549 1856 2566 suurn
1876 2536 2046 2573 capellanum
2066 2543 2196 2563 secretum
2217 2545 2300 2571 prope
2318 2537 2428 2562 ianuam
2448 2536 2490 2562 sui

1373 2577 1491 2606 cubiculi
1507 2587 1534 2605 se
1548 2577 1649 2604 refecit.
1664 2577 1752 2603 Nocte
1768 2583 1858 2603 autem
1873 2573 1993 2602 eiusdem
2009 2573 2062 2601 diei
2077 2575 2276 2609 ingravescente
2290 2572 2384 2600 morbo
2398 2571 2492 2600 habito

1376 2626 1435 2643 vero
1454 2614 1546 2643 lethali
1565 2614 1599 2642 ab
1618 2617 1676 2650 ipso
1695 2613 1831 2640 Pontificis
1850 2612 1968 2648 physico,
1988 2612 2060 2647 Papa
2079 2613 2109 2638 in
2128 2610 2214 2638 forma
2233 2612 2322 2637 viatici
2342 2610 2425 2637 S.¹····
2445 2609 2491 2637 Sa-

1374 2660 1540 2680 cramentum
1562 2654 1682 2687 sumpsit,
1705 2658 1731 2679 et
1752 2658 1868 2679 extrema
1889 2651 2018 2677 unctione
2038 2651 2161 2676 munitus
2181 2655 2228 2676 est.
2251 2650 2269 2675 2
2290 2648 2360 2675 Maii
2381 2646 2489 2675 eard.¹⁸‘

1372 2692 1467 2717 moniti
1479 2700 1495 2717 a
1507 2691 1644 2717 secretario
1657 2689 1747 2716 Status
1759 2698 1852 2716 omnes
1865 2687 1899 2715 ad
1911 2686 1967 2714 Pal.
1980 2686 2073 2722 Apost.
2087 2692 2253 2714 accesserunt
2265 2684 2398 2713 advocatis
2409 2687 2490 2713 etiam

1373 2727 1542 2763 generalibus
1559 2725 1684 2753 ordinum
1703 2724 1925 2756 mendicantium,
1945 2731 1972 2752 et
1989 2731 2049 2759 post
2066 2725 2189 2751 emissam
2207 2725 2304 2750 iterum
2324 2733 2372 2758 per
2389 2722 2490 2758 Papam

1373 2765 1547 2800 subscriptam
1561 2763 1623 2791 fidei
1636 2763 1835 2799 professionem,
1848 2764 1924 2789 iussit
1937 2762 1995 2789 S.S.
2008 2768 2039 2788 ut
2051 2760 2121 2788 card.
2135 2760 2207 2788 Galli
2220 2762 2304 2787 maior
2316 2761 2491 2795 poenitentia-

1372 2804 1426 2829 rius
1440 2800 1659 2833 introduceretur,
1670 2799 1812 2835 eidemque
1826 2798 1981 2827 facultatem
1991 2797 2073 2830 dedit,
2083 2805 2114 2825 ut
2129 2798 2178 2825 sibi
2187 2797 2334 2833 plenariam
2349 2796 2490 2832 indulgen-

1374 2842 1437 2866 tiam
1452 2838 1603 2874 applicaret,
1618 2845 1649 2865 ut
1663 2837 1735 2870 fecie
1750 2844 1840 2873 postea
1853 2839 1937 2868 iussit,
1952 2843 1984 2863 ut
1997 2834 2200 2863 admitterentur
2214 2834 2349 2870 generales
2364 2833 2490 2862 ordinum

1374 2876 1595 2908 mendicantium,
1615 2886 1630 2903 a
1648 2876 1747 2912 quibus
1765 2874 1893 2902 facultate
1910 2885 1958 2910 per
1976 2873 2133 2901 Pontificem
2152 2876 2249 2909 pariter
2267 2873 2393 2900 attributa
2410 2873 2491 2900 bene-

1374 2915 1503 2943 dictiones
1519 2922 1546 2942 et
1561 2913 1743 2950 indulgentias
1758 2913 1869 2941 cuilibet
1885 2912 1971 2940 ordini
1988 2922 2080 2940 eorum
2097 2910 2223 2944 indultas,
2242 2922 2346 2939 summa
2363 2910 2491 2947 religione

1374 2956 1480 2988 recepit.
1494 2954 1567 2980 Inter
1580 2952 1715 2988 generales
1729 2951 1818 2979 adfuit
1830 2953 1910 2979 etiam
1924 2951 1957 2978 R.
1971 2951 2001 2978 P.
2015 2950 2126 2978 Timoni
2140 2952 2190 2977 vic.
2204 2960 2266 2985 gen.
2281 2950 2341 2982 S.1.,
2356 2952 2404 2985 qui
2418 2948 2491 2977 exhi-

1373 2991 1432 3018 buit
1442 2990 1564 3018 Pontifici
1577 2989 1783 3026 applicationem
1795 2990 1866 3017 5000
1874 2991 2023 3021 missarum,
2033 2987 2067 3016 de
2079 2999 2133 3024 qua
2145 2990 2240 3023 gratias
2253 2990 2306 3023 egit
2316 2988 2388 3023 Papa
2400 2994 2428 3015 et
2439 2989 2491 3015 ius-

1374 3032 1407 3056 sit
1424 3028 1618 3065 publicandum
1637 3027 1772 3056 decretum
1791 3038 1838 3063 pro
1856 3027 2052 3055 beatificatione
2069 3037 2130 3054 ven.
2150 3028 2216 3054 servi
2235 3026 2287 3054 Dei
2306 3026 2438 3053 Francisci
2456 3024 2490 3053 de

1374 3068 1547 3102 Hieronymis
1561 3065 1701 3094 sacerdotis
1715 3066 1826 3101 professi
1841 3066 1892 3093 S.1.
1907 3065 1966 3092 Em.
1982 3064 2052 3092 card.
2067 3067 2117 3092 vic.
2132 3066 2259 3096 iniunxit,
2274 3071 2305 3091 ut
2320 3066 2350 3091 in
2364 3063 2491 3091 omnibus

1374 3104 1507 3132 sacrificiis
1523 3104 1664 3132 adderetur
1680 3103 1789 3132 collecta
1805 3114 1854 3140 pro
1870 3103 1999 3131 Pontifice
2014 3105 2093 3131 morti
2110 3104 2238 3139 proximo,
2256 3112 2286 3130 ac
2302 3104 2332 3129 in
2349 3101 2490 3138 patriarch.
